1565 2579
141 160 190 204 V.
211 162 248 203 9.
271 159 466 215 08—78.]
612 171 924 203 MENAECHMEI.
1312 163 1394 203 133

143 268 227 350 ΞιῘΕ.
249 268 310 350 Hi
338 267 638 349 postguamssd
659 282 734 309 nos
754 267 1088 309 renuntiatumst
1108 273 1151 309 te
1226 267 1249 292 *
1368 270 1391 293 *

709 325 734 349 *
786 325 831 365 et
857 330 1020 379 patrem
1050 339 1138 365 esse
1167 324 1390 373 mortuom,

141 382 242 424 avos
262 388 403 423 noster
423 381 630 423 mutavit:
651 381 763 436 quod
784 381 863 422 tibi
883 381 1037 422 nomen
1060 387 1134 430 est,
1154 381 1255 422 fecit
1275 382 1390 424 mihi.

15 443 124 484 1130
143 439 226 481 ME.
249 439 282 480 Ι.
311 439 433 480 credo
465 439 526 480 ita
557 452 646 479 esse
680 438 840 480 sactum
868 446 918 479 ut
945 438 1059 479 dicis.
1112 438 1184 479 sed
1222 438 1282 478 mi
1313 438 1392 480 hoc

255 495 469 551 responde.
528 495 613 536 ME.
637 495 694 536 II.
722 510 831 550 roga.
1359 510 1392 537 το

142 551 227 594 ΜΕ.
250 553 283 594 I.
328 553 430 607 quid
470 558 560 593 erat
599 567 753 593 nomen
793 552 959 593 nostrae
999 551 1154 593 matri?
1226 551 1389 595 Man.

255 609 595 651 Teuximarchae.
657 610 742 650 ME.
779 609 812 650 Ι.
849 609 1055 650 convenit.

141 666 167 707 6
186 667 310 717 salve,
335 666 554 721 insperate,
583 666 730 707 multis
754 666 878 707 annis
899 671 995 720 post
1015 680 1141 720 quem
1165 665 1390 721 conspicor,

140 723 279 765 frater.
341 722 427 764 ME.
470 723 526 764 II.
570 729 615 764 et
649 729 710 772 tu,
742 724 870 778 quem
901 738 978 778 ego
1009 723 1155 763 multis
1196 724 1388 773 miseriis,

253 780 466 822 laboribus

139 837 274 892 usque
304 837 442 878 adhuc
471 837 664 892 quaesivi
690 851 902 892 quemque
939 851 1015 892 ego
1047 837 1136 878 esse
1167 837 1390 879 inventum

281 894 423 935 audeo

12 951 120 991 1135
141 908 349 992 MEs.ghoc
371 957 471 1000 erat,
491 951 604 1006 quod
633 950 736 992 haec
767 956 812 992 te
842 951 1042 992 meretrix
1063 951 1190 992 huius
1210 952 1388 994 vocabat

255 1008 451 1048 nomine:
1357 1024 1390 1051 7⁵

139 1064 253 1105 hsmc
293 1065 491 1105 censebat
529 1065 574 1105 te
610 1079 710 1115 esse,
751 1065 886 1116 credo,
923 1065 1053 1119 quom
1093 1071 1214 1106 vocat
1254 1071 1297 1107 te
1335 1066 1389 1107 ad

253 1121 492 1175 prandium.

138 1177 226 1219 ΜΕ.
258 1178 292 1219 1.
325 1178 510 1232 namque
527 1178 676 1234 edepol
708 1178 768 1220 mi
799 1178 869 1220 hic
894 1179 1019 1220 h6die
1040 1179 1143 1220 iussi
1163 1179 1388 1234 prandium

253 1234 496 1289 adpararier

139 1291 247 1332 clam
280 1306 420 1332 meam
460 1305 655 1333 uxorem:
693 1293 794 1348 quoi
832 1307 959 1347 quam
997 1293 1155 1347 pallam
1191 1293 1387 1348 surrupui

251 1348 414 1389 dudum
436 1349 570 1398 domo,

139 1435 147 1448 ¹
159 1429 303 1462 duorum
318 1433 356 1462 ut
371 1433 454 1470 puto
469 1440 628 1462 versuum
643 1430 805 1471 reliquiae
827 1431 863 1462 in
886 1441 994 1462 unum
1017 1431 1108 1463 hunc
1132 1432 1329 1463 coaluerunt
1351 1432 1388 1463 in

137 1473 248 1504 libris’
264 1473 304 1504 R.
352 1475 444 1505 1133.
471 1475 597 1505 miseris
623 1483 716 1512 mss„
745 1474 913 1505 emended
934 1475 977 1514 by
992 1475 1120 1512 Bothe;
1144 1480 1181 1505 et
1204 1477 1330 1506 miseris
1345 1475 1383 1507 R.

140 1517 231 1549 1137.
260 1517 313 1548 hic
328 1518 411 1547 mihi
427 1526 522 1554 mss„
545 1517 715 1547 corrected
742 1517 785 1556 by
809 1517 929 1548 Bothe.
976 1519 1070 1548 1138.
1095 1528 1192 1558 quam
1207 1527 1272 1550 om.
1292 1527 1387 1554 mss.,

841 1593 935 1623 1135.
983 1592 1088 1623 ‘This
1118 1592 1202 1624 then
1230 1603 1298 1624 was
1328 1594 1388 1625 the

795 1644 925 1672 reason,
944 1635 1035 1674 why’
1056 1638 1118 1666 etc.
1164 1638 1386 1677 quodzprop-

798 1682 845 1708 ter
861 1679 956 1716 quod,
981 1688 1017 1708 as
1033 1678 1068 1708 in
1086 1688 1268 1708 numerous
1293 1679 1389 1710 other

183 1591 275 1623 1127.
321 1591 392 1622 The
408 1591 552 1630 original
572 1594 729 1623 contents

139 1634 176 1664 of
208 1633 266 1664 the
296 1643 360 1673 gap
397 1644 475 1673 may
511 1634 552 1665 be
591 1634 731 1670 guessed

139 1676 227 1707 from
257 1676 316 1707 the
348 1677 516 1716 prologue.
561 1677 622 1708 We
652 1686 731 1715 may

140 1718 264 1758 supply
280 1724 309 1749 te
325 1729 390 1750 esse
402 1724 589 1759 surruptum
601 1724 632 1750 et
642 1725 729 1759 post-

140 1771 239 1801 quam
253 1763 349 1792 simul
365 1764 584 1801 comperimus.

184 1805 278 1835 1131.
324 1804 439 1843 Comp.
456 1814 486 1835 v.
503 1806 565 1836 498
581 1804 693 1836 above.

185 1847 279 1877 1132.
316 1848 428 1877 multis
445 1848 542 1877 annis
553 1852 731 1887 postquem

141 1890 311 1929 conspicor
329 1892 337 1905 ‘
351 1888 461 1919 whom
480 1889 497 1919 I
519 1899 594 1919 now
609 1889 731 1920 behold

142 1932 195 1962 for
225 1930 283 1962 the
313 1931 387 1961 first
419 1931 502 1962 time
539 1931 591 1962 for
627 1941 732 1972 many

140 1975 265 2013 years'.
310 1973 482 2004 Aeidalius
513 1983 686 2013 compares
711 1984 732 2005 a

139 2018 306 2056 fragment
329 2017 363 2046 of
387 2016 550 2046 Pacuvius
567 2017 654 2047 from
676 2016 731 2047 his

140 2060 272 2096 Teucer,
299 2069 330 2089 v.
354 2059 416 2091 319
441 2059 609 2090 Ribbeck:
633 2070 731 2099 quam

139 2106 169 2133 te
187 2107 261 2142 post
283 2103 394 2132 multis
419 2106 510 2132 tueor
530 2104 728 2142 tempestati·

139 2145 207 2176 bus.

181 2187 274 2218 1-133.
322 2186 393 2217 The
414 2186 534 2226 copula
555 2191 587 2218 et
609 2186 639 2218 is
663 2187 727 2218 fre-

136 2229 277 2269 quently
307 2228 449 2260 omitted
484 2229 635 2261 between
663 2231 728 2260 two

137 2281 249 2303 nouns
278 2271 316 2302 in
345 2271 480 2302 archaic
509 2271 633 2311 Latin;
672 2282 727 2304 see

138 2323 200 2345 our
214 2316 293 2346 note
309 2323 353 2345 on
370 2315 462 2346 Trin.
481 2315 553 2347 287.

794 1719 1122 1752 metanoea—huius
1134 1720 1256 1751 should
1266 1721 1306 1752 be
1313 1731 1386 1760 pro-

794 1763 950 1793 nouncecl
995 1772 1032 1793 aa·
1079 1773 1099 1794 a
1141 1764 1387 1803 monosyllable

800 1806 914 1843 (huis).

839 1848 931 1879 1136.
979 1853 1073 1878 vocat
1089 1847 1117 1878 is
1133 1848 1192 1879 the
1211 1848 1386 1880 historical

794 1893 932 1930 present
949 1890 1035 1920 a-fter
1051 1901 1155 1930 quom.

839 1933 930 1965 1137.
976 1933 1216 1964 Menaechmus
1243 1933 1280 1965 of
1300 1933 1382 1973 Epi·

794 1974 939 2006 damnus
984 1976 1144 2006 confirms
1190 1976 1385 2007 Messenio’s

794 2018 996 2056 conjecture.
1042 2019 1158 2049 Hence
1188 2019 1232 2050 he
1268 2019 1385 2058 begins

793 2059 848 2090 his
873 2060 993 2099 speech
1023 2061 1104 2091 with
1133 2062 1385 2101 numqua—In-

794 2102 888 2133 stead
904 2103 939 2133 of
953 2105 1046 2140 iussi,
1064 2114 1112 2134 we
1127 2103 1249 2134 should
1271 2103 1386 2135 rather

793 2148 909 2185 expect
935 2147 1094 2177 iusseram
1103 2158 1114 2182 ;
1139 2146 1200 2177 but
1226 2155 1274 2177 we
1299 2146 1385 2178 have

793 2187 928 2227 already
943 2198 1021 2219 seen
1037 2188 1112 2219 that
1129 2189 1270 2219 Plautus
1282 2188 1312 2219 is
1324 2191 1384 2220 not

791 2240 872 2268 very
886 2231 1013 2261 careful
1029 2231 1064 2261 in
1085 2231 1261 2271 observing
1288 2231 1384 2263 these

791 2272 988 2304 differenees
1003 2274 1039 2304 of
1054 2275 1158 2306 tense.
