<?xml version="1.0" encoding="UTF-8"?>
<!DOCTYPE html PUBLIC "-//W3C//DTD XHTML 1.0 Transitional//EN"
    "http://www.w3.org/TR/xhtml1/DTD/xhtml1-transitional.dtd">
<html xmlns="http://www.w3.org/1999/xhtml" xml:lang="en" lang="en">
 <head>
  <title>
</title>
<meta http-equiv="Content-Type" content="text/html;charset=utf-8" />
  <meta name='ocr-system' content='tesseract 3.04.00' />
  <meta name='ocr-capabilities' content='ocr_page ocr_carea ocr_par ocr_line ocrx_word'/>
</head>
<body>
  <div class='ocr_page' id='page_1' title='image "./menaechmei00plauuoft/menaechmei00plauuoft_0103.png"; bbox 0 0 1565 2579; ppageno 0'>
   <div class='ocr_carea' id='block_1_1' title="bbox 187 154 511 211">
    <p class='ocr_par' dir='ltr' id='par_1_1' title="bbox 187 154 511 211">
     <span class='ocr_line' id='line_1_1' title="bbox 187 154 511 211; baseline 0.009 -17"><span class='ocrx_word' id='word_1_1' title='bbox 187 154 236 196; x_wconf 86' lang='lat' dir='ltr'>v.</span> <span class='ocrx_word' id='word_1_2' title='bbox 261 157 294 197; x_wconf 74' lang='lat'>2</span> <span class='ocrx_word' id='word_1_3' title='bbox 318 155 511 211; x_wconf 69' lang='lat'>10—22]</span> 
     </span>
    </p>
   </div>
   <div class='ocr_carea' id='block_1_2' title="bbox 652 157 1431 198">
    <p class='ocr_par' dir='ltr' id='par_1_2' title="bbox 652 157 1431 198">
     <span class='ocr_line' id='line_1_2' title="bbox 652 157 1431 198; baseline 0.001 -2"><span class='ocrx_word' id='word_1_4' title='bbox 652 166 964 198; x_wconf 72' lang='lat' dir='ltr'>MENAECHMEI.</span> <span class='ocrx_word' id='word_1_5' title='bbox 1380 157 1431 197; x_wconf 84' lang='lat'>91</span> 
     </span>
    </p>
   </div>
   <div class='ocr_carea' id='block_1_3' title="bbox 184 260 1435 544">
    <p class='ocr_par' dir='ltr' id='par_1_3' title="bbox 184 260 1435 373">
     <span class='ocr_line' id='line_1_3' title="bbox 184 260 1435 316; baseline 0 -14"><span class='ocrx_word' id='word_1_6' title='bbox 184 260 389 316; x_wconf 84' lang='lat' dir='ltr'><strong>quidnam</strong></span> <span class='ocrx_word' id='word_1_7' title='bbox 419 261 497 302; x_wconf 74' lang='lat' dir='ltr'>hoc</span> <span class='ocrx_word' id='word_1_8' title='bbox 527 260 582 302; x_wconf 85' lang='lat' dir='ltr'>sit</span> <span class='ocrx_word' id='word_1_9' title='bbox 612 261 767 315; x_wconf 71' lang='lat' dir='ltr'>negoti,</span> <span class='ocrx_word' id='word_1_10' title='bbox 801 261 911 315; x_wconf 86' lang='lat' dir='ltr'>quod</span> <span class='ocrx_word' id='word_1_11' title='bbox 941 261 1032 302; x_wconf 86' lang='lat' dir='ltr'>filia</span> <span class='ocrx_word' id='word_1_12' title='bbox 1062 261 1120 302; x_wconf 87' lang='lat' dir='ltr'>sic</span> <span class='ocrx_word' id='word_1_13' title='bbox 1403 276 1435 302; x_wconf 83' lang='grc' dir='ltr'>ιο</span> 
     </span>
     <span class='ocr_line' id='line_1_4' title="bbox 185 318 1119 373; baseline 0.001 -15"><span class='ocrx_word' id='word_1_14' title='bbox 185 318 359 372; x_wconf 71' lang='lat' dir='ltr'>repente</span> <span class='ocrx_word' id='word_1_15' title='bbox 389 320 553 373; x_wconf 76' lang='lat' dir='ltr'>expetit</span> <span class='ocrx_word' id='word_1_16' title='bbox 582 319 690 366; x_wconf 80' lang='lat' dir='ltr'>med,</span> <span class='ocrx_word' id='word_1_17' title='bbox 722 325 770 359; x_wconf 86' lang='lat' dir='ltr'>ut</span> <span class='ocrx_word' id='word_1_18' title='bbox 799 318 854 358; x_wconf 67' lang='lat' dir='ltr'>{ul</span> <span class='ocrx_word' id='word_1_19' title='bbox 885 333 973 359; x_wconf 82' lang='lat' dir='ltr'>sese</span> <span class='ocrx_word' id='word_1_20' title='bbox 1004 319 1119 360; x_wconf 86' lang='lat' dir='ltr'>irem.</span> 
     </span>
    </p>

    <p class='ocr_par' dir='ltr' id='par_1_4' title="bbox 185 375 1016 429">
     <span class='ocr_line' id='line_1_5' title="bbox 185 375 1016 429; baseline -0.001 -13"><span class='ocrx_word' id='word_1_21' title='bbox 185 375 262 416; x_wconf 76' lang='lat' dir='ltr'>nec</span> <span class='ocrx_word' id='word_1_22' title='bbox 292 375 394 429; x_wconf 83' lang='lat' dir='ltr'>quid</span> <span class='ocrx_word' id='word_1_23' title='bbox 426 375 468 416; x_wconf 90' lang='lat' dir='ltr'>id</span> <span class='ocrx_word' id='word_1_24' title='bbox 499 377 554 416; x_wconf 86' lang='lat' dir='ltr'>sit</span> <span class='ocrx_word' id='word_1_25' title='bbox 584 376 689 415; x_wconf 87' lang='lat' dir='ltr'>mihi</span> <span class='ocrx_word' id='word_1_26' title='bbox 720 375 875 416; x_wconf 77' lang='lat' dir='ltr'>ce&#39;rtius</span> <span class='ocrx_word' id='word_1_27' title='bbox 904 375 1016 425; x_wconf 86' lang='lat' dir='ltr'>facit,</span> 
     </span>
    </p>

    <p class='ocr_par' dir='ltr' id='par_1_5' title="bbox 184 431 937 487">
     <span class='ocr_line' id='line_1_6' title="bbox 184 431 937 487; baseline 0.001 -16"><span class='ocrx_word' id='word_1_28' title='bbox 184 431 297 486; x_wconf 78' lang='lat' dir='ltr'>quod</span> <span class='ocrx_word' id='word_1_29' title='bbox 329 433 442 480; x_wconf 84' lang='lat' dir='ltr'>velit,</span> <span class='ocrx_word' id='word_1_30' title='bbox 475 432 586 487; x_wconf 87' lang='lat' dir='ltr'>quod</span> <span class='ocrx_word' id='word_1_31' title='bbox 618 432 716 473; x_wconf 79' lang='lat' dir='ltr'>me&#39;d</span> <span class='ocrx_word' id='word_1_32' title='bbox 745 438 937 473; x_wconf 79' lang='lat' dir='ltr'>accersat.</span> 
     </span>
    </p>

    <p class='ocr_par' dir='ltr' id='par_1_6' title="bbox 184 488 1269 544">
     <span class='ocr_line' id='line_1_7' title="bbox 184 488 1269 544; baseline 0.001 -16"><span class='ocrx_word' id='word_1_33' title='bbox 184 490 332 529; x_wconf 70' lang='lat' dir='ltr'>verum</span> <span class='ocrx_word' id='word_1_34' title='bbox 363 489 665 544; x_wconf 69' lang='lat' dir='ltr'>propemodum</span> <span class='ocrx_word' id='word_1_35' title='bbox 696 490 781 529; x_wconf 84' lang='lat' dir='ltr'>iam</span> <span class='ocrx_word' id='word_1_36' title='bbox 811 489 905 534; x_wconf 73' lang='lat' dir='ltr'>scio,</span> <span class='ocrx_word' id='word_1_37' title='bbox 939 488 1039 543; x_wconf 87' lang='lat' dir='ltr'>quid</span> <span class='ocrx_word' id='word_1_38' title='bbox 1072 488 1153 529; x_wconf 72' lang='lat' dir='ltr'>siet</span> <span class='ocrx_word' id='word_1_39' title='bbox 1183 488 1269 529; x_wconf 90' lang='lat' dir='ltr'>rei:</span> 
     </span>
    </p>
   </div>
   <div class='ocr_carea' id='block_1_4' title="bbox 85 545 1432 600">
    <p class='ocr_par' dir='ltr' id='par_1_7' title="bbox 85 545 1432 600">
     <span class='ocr_line' id='line_1_8' title="bbox 85 545 1432 600; baseline -0.002 -12"><span class='ocrx_word' id='word_1_40' title='bbox 85 547 167 590; x_wconf 79' lang='lat'>765</span> <span class='ocrx_word' id='word_1_41' title='bbox 185 545 309 587; x_wconf 75' lang='lat' dir='ltr'>credo</span> <span class='ocrx_word' id='word_1_42' title='bbox 338 560 434 587; x_wconf 90' lang='lat' dir='ltr'>cum</span> <span class='ocrx_word' id='word_1_43' title='bbox 465 546 555 587; x_wconf 75' lang='lat' dir='ltr'>viro</span> <span class='ocrx_word' id='word_1_44' title='bbox 584 546 768 600; x_wconf 67' lang='lat' dir='ltr'>litigium</span> <span class='ocrx_word' id='word_1_45' title='bbox 799 553 949 586; x_wconf 84' lang='lat' dir='ltr'>natum</span> <span class='ocrx_word' id='word_1_46' title='bbox 981 560 1069 587; x_wconf 86' lang='lat' dir='ltr'>esse</span> <span class='ocrx_word' id='word_1_47' title='bbox 1100 545 1282 600; x_wconf 66' lang='lat' dir='ltr'>aliquod.</span> <span class='ocrx_word' id='word_1_48' title='bbox 1402 561 1432 584; x_wconf 79' lang='lat'>15</span> 
     </span>
    </p>
   </div>
   <div class='ocr_carea' id='block_1_5' title="bbox 183 602 1430 828">
    <p class='ocr_par' dir='ltr' id='par_1_8' title="bbox 184 602 1122 657">
     <span class='ocr_line' id='line_1_9' title="bbox 184 602 1122 657; baseline 0.001 -15"><span class='ocrx_word' id='word_1_49' title='bbox 184 602 247 643; x_wconf 86' lang='lat' dir='ltr'>ita</span> <span class='ocrx_word' id='word_1_50' title='bbox 276 603 405 644; x_wconf 82' lang='lat' dir='ltr'><strong>istaec</strong></span> <span class='ocrx_word' id='word_1_51' title='bbox 435 603 581 651; x_wconf 76' lang='lat' dir='ltr'>solent,</span> <span class='ocrx_word' id='word_1_52' title='bbox 611 617 719 657; x_wconf 87' lang='lat' dir='ltr'>quae</span> <span class='ocrx_word' id='word_1_53' title='bbox 748 603 859 644; x_wconf 70' lang='lat' dir='ltr'>viros</span> <span class='ocrx_word' id='word_1_54' title='bbox 889 603 1122 644; x_wconf 80' lang='lat' dir='ltr'>subservire</span> 
     </span>
    </p>

    <p class='ocr_par' dir='ltr' id='par_1_9' title="bbox 185 659 1032 714">
     <span class='ocr_line' id='line_1_10' title="bbox 185 659 1032 714; baseline 0 -14"><span class='ocrx_word' id='word_1_55' title='bbox 185 659 264 700; x_wconf 83' lang='lat' dir='ltr'>sibi</span> <span class='ocrx_word' id='word_1_56' title='bbox 297 660 524 714; x_wconf 65' lang='lat' dir='ltr'>postulant,</span> <span class='ocrx_word' id='word_1_57' title='bbox 557 659 655 700; x_wconf 78' lang='lat' dir='ltr'>dote</span> <span class='ocrx_word' id='word_1_58' title='bbox 685 660 828 709; x_wconf 83' lang='lat' dir='ltr'>fre&#39;tae,</span> <span class='ocrx_word' id='word_1_59' title='bbox 859 660 1032 701; x_wconf 72' lang='lat' dir='ltr'>feroces.</span> 
     </span>
    </p>

    <p class='ocr_par' dir='ltr' id='par_1_10' title="bbox 183 716 1430 828">
     <span class='ocr_line' id='line_1_11' title="bbox 185 716 1231 771; baseline -0.001 -14"><span class='ocrx_word' id='word_1_60' title='bbox 185 721 227 757; x_wconf 90' lang='lat' dir='ltr'>et</span> <span class='ocrx_word' id='word_1_61' title='bbox 257 716 321 757; x_wconf 86' lang='lat' dir='ltr'>illi</span> <span class='ocrx_word' id='word_1_62' title='bbox 350 731 518 771; x_wconf 82' lang='lat' dir='ltr'>quoque</span> <span class='ocrx_word' id='word_1_63' title='bbox 549 717 663 757; x_wconf 72' lang='lat' dir='ltr'>haud</span> <span class='ocrx_word' id='word_1_64' title='bbox 693 717 911 758; x_wconf 83' lang='lat' dir='ltr'>abstine&#39;nt</span> <span class='ocrx_word' id='word_1_65' title='bbox 941 731 1066 771; x_wconf 86' lang='lat' dir='ltr'>saepe</span> <span class='ocrx_word' id='word_1_66' title='bbox 1096 716 1231 771; x_wconf 71' lang='lat' dir='ltr'>culpa.</span> 
     </span>
     <span class='ocr_line' id='line_1_12' title="bbox 183 772 1430 828; baseline 0.001 -15"><span class='ocrx_word' id='word_1_67' title='bbox 183 774 372 814; x_wconf 72' lang='lat' dir='ltr'>verumst</span> <span class='ocrx_word' id='word_1_68' title='bbox 402 773 549 814; x_wconf 85' lang='lat' dir='ltr'>modus</span> <span class='ocrx_word' id='word_1_69' title='bbox 578 774 734 823; x_wconf 76' lang='lat' dir='ltr'>tamen,</span> <span class='ocrx_word' id='word_1_70' title='bbox 761 773 899 828; x_wconf 84' lang='lat' dir='ltr'>quoad</span> <span class='ocrx_word' id='word_1_71' title='bbox 926 774 1018 828; x_wconf 87' lang='lat' dir='ltr'>pati</span> <span class='ocrx_word' id='word_1_72' title='bbox 1047 774 1223 814; x_wconf 79' lang='lat' dir='ltr'>uxorem</span> <span class='ocrx_word' id='word_1_73' title='bbox 1253 772 1430 828; x_wconf 73' lang='lat' dir='ltr'>oportet,</span> 
     </span>
    </p>
   </div>
   <div class='ocr_carea' id='block_1_6' title="bbox 83 828 1431 885">
    <p class='ocr_par' dir='ltr' id='par_1_11' title="bbox 83 828 1431 885">
     <span class='ocr_line' id='line_1_13' title="bbox 83 828 1431 885; baseline -0.001 -14"><span class='ocrx_word' id='word_1_74' title='bbox 83 828 167 872; x_wconf 77' lang='lat'>&#39;770</span> <span class='ocrx_word' id='word_1_75' title='bbox 183 844 260 871; x_wconf 89' lang='lat' dir='ltr'>nec</span> <span class='ocrx_word' id='word_1_76' title='bbox 289 831 358 885; x_wconf 74' lang='lat' dir='ltr'>pol</span> <span class='ocrx_word' id='word_1_77' title='bbox 388 830 476 871; x_wconf 86' lang='lat' dir='ltr'>filia</span> <span class='ocrx_word' id='word_1_78' title='bbox 505 831 708 885; x_wconf 76' lang='lat' dir='ltr'>umquam</span> <span class='ocrx_word' id='word_1_79' title='bbox 739 836 902 885; x_wconf 82' lang='lat' dir='ltr'>patrem</span> <span class='ocrx_word' id='word_1_80' title='bbox 933 831 1106 872; x_wconf 63' lang='lat' dir='ltr'>accersit</span> <span class='ocrx_word' id='word_1_81' title='bbox 1135 830 1190 871; x_wconf 64' lang='lat' dir='ltr'>ad</span> <span class='ocrx_word' id='word_1_82' title='bbox 1221 845 1276 878; x_wconf 91' lang='lat' dir='ltr'>se,</span> <span class='ocrx_word' id='word_1_83' title='bbox 1398 845 1431 869; x_wconf 83' lang='lat'>20</span> 
     </span>
    </p>
   </div>
   <div class='ocr_carea' id='block_1_7' title="bbox 179 887 1429 1000">
    <p class='ocr_par' dir='ltr' id='par_1_12' title="bbox 179 887 1429 1000">
     <span class='ocr_line' id='line_1_14' title="bbox 184 887 1342 942; baseline -0.001 -14"><span class='ocrx_word' id='word_1_84' title='bbox 184 887 267 928; x_wconf 86' lang='lat' dir='ltr'>nisi</span> <span class='ocrx_word' id='word_1_85' title='bbox 295 888 373 929; x_wconf 73' lang='lat' dir='ltr'>aut</span> <span class='ocrx_word' id='word_1_86' title='bbox 402 888 503 942; x_wconf 86' lang='lat' dir='ltr'>quid</span> <span class='ocrx_word' id='word_1_87' title='bbox 535 888 744 928; x_wconf 72' lang='lat' dir='ltr'>commisit</span> <span class='ocrx_word' id='word_1_88' title='bbox 773 888 839 929; x_wconf 82' lang='lat' dir='ltr'>vir</span> <span class='ocrx_word' id='word_1_89' title='bbox 868 889 943 928; x_wconf 75' lang='lat' dir='ltr'>aut</span> <span class='ocrx_word' id='word_1_90' title='bbox 972 887 1082 942; x_wconf 85' lang='lat' dir='ltr'>iurgi</span> <span class='ocrx_word' id='word_1_91' title='bbox 1114 894 1177 928; x_wconf 88' lang='lat' dir='ltr'>est</span> <span class='ocrx_word' id='word_1_92' title='bbox 1207 887 1342 928; x_wconf 76' lang='lat' dir='ltr'>causa.</span> 
     </span>
     <span class='ocr_line' id='line_1_15' title="bbox 179 943 1429 1000; baseline 0 -16"><span class='ocrx_word' id='word_1_93' title='bbox 179 943 255 985; x_wconf 85' lang='lat' dir='ltr'>sed</span> <span class='ocrx_word' id='word_1_94' title='bbox 284 944 329 986; x_wconf 81' lang='lat' dir='ltr'>id</span> <span class='ocrx_word' id='word_1_95' title='bbox 349 944 550 1000; x_wconf 86' lang='lat' dir='ltr'>quicquid</span> <span class='ocrx_word' id='word_1_96' title='bbox 572 945 648 994; x_wconf 75' lang='lat' dir='ltr'>est,</span> <span class='ocrx_word' id='word_1_97' title='bbox 668 945 754 985; x_wconf 87' lang='lat' dir='ltr'>iam</span> <span class='ocrx_word' id='word_1_98' title='bbox 775 945 916 986; x_wconf 79' lang='lat' dir='ltr'>sciam.</span> <span class='ocrx_word' id='word_1_99' title='bbox 946 944 1076 999; x_wconf 68' lang='lat' dir='ltr'>atque</span> <span class='ocrx_word' id='word_1_100' title='bbox 1099 959 1238 985; x_wconf 87' lang='lat' dir='ltr'>eccam</span> <span class='ocrx_word' id='word_1_101' title='bbox 1259 944 1429 999; x_wconf 65' lang='lat' dir='ltr'>eampse</span> 
     </span>
    </p>
   </div>
   <div class='ocr_carea' id='block_1_8' title="bbox 180 1036 784 1077">
    <p class='ocr_par' dir='ltr' id='par_1_13' title="bbox 180 1036 784 1077">
     <span class='ocr_line' id='line_1_16' title="bbox 180 1036 784 1077; baseline 0.005 -10"><span class='ocrx_word' id='word_1_102' title='bbox 180 1036 311 1070; x_wconf 82' lang='lat' dir='ltr'><strong>Editor.</strong></span> <span class='ocrx_word' id='word_1_103' title='bbox 360 1037 432 1068; x_wconf 84' lang='lat' dir='ltr'>The</span> <span class='ocrx_word' id='word_1_104' title='bbox 447 1047 528 1069; x_wconf 88' lang='lat' dir='ltr'>mss.</span> <span class='ocrx_word' id='word_1_105' title='bbox 547 1036 633 1068; x_wconf 79' lang='lat' dir='ltr'>have</span> <span class='ocrx_word' id='word_1_106' title='bbox 647 1038 729 1077; x_wconf 85' lang='lat' dir='ltr'><strong>only</strong></span> <span class='ocrx_word' id='word_1_107' title='bbox 745 1039 784 1070; x_wconf 67' lang='grc' dir='ltr'>εἰ.</span> 
     </span>
    </p>
   </div>
   <div class='ocr_carea' id='block_1_9' title="bbox 833 1035 1429 1076">
    <p class='ocr_par' dir='ltr' id='par_1_14' title="bbox 833 1035 1429 1076">
     <span class='ocr_line' id='line_1_17' title="bbox 833 1035 1429 1076; baseline -0.005 -6"><span class='ocrx_word' id='word_1_108' title='bbox 833 1037 894 1070; x_wconf 81' lang='lat'>762</span> <span class='ocrx_word' id='word_1_109' title='bbox 919 1047 965 1076; x_wconf 84' lang='lat' dir='ltr'>sq.</span> <span class='ocrx_word' id='word_1_110' title='bbox 989 1046 1046 1068; x_wconf 85' lang='lat' dir='ltr'>are</span> <span class='ocrx_word' id='word_1_111' title='bbox 1068 1036 1166 1076; x_wconf 85' lang='lat' dir='ltr'>given</span> <span class='ocrx_word' id='word_1_112' title='bbox 1194 1035 1373 1076; x_wconf 72' lang='lat' dir='ltr'>according</span> <span class='ocrx_word' id='word_1_113' title='bbox 1393 1038 1429 1068; x_wconf 89' lang='lat' dir='ltr'>to</span> 
     </span>
    </p>
   </div>
   <div class='ocr_carea' id='block_1_10' title="bbox 181 1079 1344 1162">
    <p class='ocr_par' dir='ltr' id='par_1_15' title="bbox 181 1079 1344 1162">
     <span class='ocr_line' id='line_1_18' title="bbox 181 1079 1344 1119; baseline 0.001 -9"><span class='ocrx_word' id='word_1_114' title='bbox 181 1079 240 1111; x_wconf 80' lang='lat' dir='ltr'>the</span> <span class='ocrx_word' id='word_1_115' title='bbox 255 1080 407 1111; x_wconf 84' lang='lat' dir='ltr'>metrieal</span> <span class='ocrx_word' id='word_1_116' title='bbox 422 1082 656 1119; x_wconf 79' lang='lat' dir='ltr'>arrangement</span> <span class='ocrx_word' id='word_1_117' title='bbox 672 1081 706 1111; x_wconf 78' lang='lat' dir='ltr'>of</span> <span class='ocrx_word' id='word_1_118' title='bbox 727 1080 786 1111; x_wconf 91' lang='lat' dir='ltr'>the</span> <span class='ocrx_word' id='word_1_119' title='bbox 802 1089 883 1110; x_wconf 88' lang='lat' dir='ltr'>mss.</span> <span class='ocrx_word' id='word_1_120' title='bbox 928 1080 966 1112; x_wconf 86' lang='lat' dir='ltr'>R.</span> <span class='ocrx_word' id='word_1_121' title='bbox 987 1079 1083 1110; x_wconf 82' lang='lat' dir='ltr'>reads</span> <span class='ocrx_word' id='word_1_122' title='bbox 1099 1089 1136 1110; x_wconf 86' lang='lat' dir='ltr'>as</span> <span class='ocrx_word' id='word_1_123' title='bbox 1151 1079 1279 1110; x_wconf 82' lang='lat' dir='ltr'>follows</span> <span class='ocrx_word' id='word_1_124' title='bbox 1292 1091 1344 1111; x_wconf 88' lang='lat'>:—</span> 
     </span>
     <span class='ocr_line' id='line_1_19' title="bbox 265 1122 1340 1162; baseline 0 -9"><span class='ocrx_word' id='word_1_125' title='bbox 265 1122 428 1162; x_wconf 76' lang='lat' dir='ltr'>quidnam</span> <span class='ocrx_word' id='word_1_126' title='bbox 450 1122 514 1153; x_wconf 87' lang='lat' dir='ltr'>h6c</span> <span class='ocrx_word' id='word_1_127' title='bbox 538 1123 582 1153; x_wconf 85' lang='lat' dir='ltr'>sit</span> <span class='ocrx_word' id='word_1_128' title='bbox 608 1123 732 1162; x_wconf 79' lang='lat' dir='ltr'>negoti,</span> <span class='ocrx_word' id='word_1_129' title='bbox 758 1122 848 1162; x_wconf 88' lang='lat' dir='ltr'>quod</span> <span class='ocrx_word' id='word_1_130' title='bbox 869 1122 941 1154; x_wconf 83' lang='lat' dir='ltr'>fssia</span> <span class='ocrx_word' id='word_1_131' title='bbox 966 1123 1102 1162; x_wconf 70' lang='lat' dir='ltr'>repente</span> <span class='ocrx_word' id='word_1_132' title='bbox 1126 1124 1253 1162; x_wconf 72' lang='lat' dir='ltr'>expetit</span> <span class='ocrx_word' id='word_1_133' title='bbox 1275 1131 1340 1160; x_wconf 85' lang='lat' dir='ltr'>me,</span> 
     </span>
    </p>
   </div>
   <div class='ocr_carea' id='block_1_11' title="bbox 351 1165 620 1201">
    <p class='ocr_par' dir='ltr' id='par_1_16' title="bbox 351 1165 620 1201">
     <span class='ocr_line' id='line_1_20' title="bbox 351 1165 620 1201; baseline -0.004 -5"><span class='ocrx_word' id='word_1_134' title='bbox 351 1165 393 1196; x_wconf 82' lang='lat' dir='ltr'>ad</span> <span class='ocrx_word' id='word_1_135' title='bbox 412 1175 447 1196; x_wconf 87' lang='lat' dir='ltr'>se</span> <span class='ocrx_word' id='word_1_136' title='bbox 467 1168 504 1196; x_wconf 87' lang='lat' dir='ltr'>ut</span> <span class='ocrx_word' id='word_1_137' title='bbox 524 1167 620 1201; x_wconf 77' lang='lat' dir='ltr'>irem,</span> 
     </span>
    </p>
   </div>
   <div class='ocr_carea' id='block_1_12' title="bbox 265 1206 1351 1247">
    <p class='ocr_par' dir='ltr' id='par_1_17' title="bbox 265 1206 1351 1247">
     <span class='ocr_line' id='line_1_21' title="bbox 265 1206 1351 1247; baseline 0 -9"><span class='ocrx_word' id='word_1_138' title='bbox 265 1217 327 1239; x_wconf 82' lang='lat' dir='ltr'>neo</span> <span class='ocrx_word' id='word_1_139' title='bbox 350 1207 431 1247; x_wconf 69' lang='lat' dir='ltr'>quid</span> <span class='ocrx_word' id='word_1_140' title='bbox 452 1208 506 1244; x_wconf 87' lang='lat' dir='ltr'>sit,</span> <span class='ocrx_word' id='word_1_141' title='bbox 531 1207 616 1239; x_wconf 69' lang='lat' dir='ltr'>mihi</span> <span class='ocrx_word' id='word_1_142' title='bbox 639 1208 761 1239; x_wconf 71' lang='lat' dir='ltr'>certius</span> <span class='ocrx_word' id='word_1_143' title='bbox 782 1207 877 1247; x_wconf 85' lang='lat' dir='ltr'>prius</span> <span class='ocrx_word' id='word_1_144' title='bbox 900 1208 990 1247; x_wconf 77' lang='lat' dir='ltr'>facit,</span> <span class='ocrx_word' id='word_1_145' title='bbox 1016 1207 1105 1247; x_wconf 82' lang='lat' dir='ltr'>quod</span> <span class='ocrx_word' id='word_1_146' title='bbox 1124 1207 1206 1238; x_wconf 69' lang='lat' dir='ltr'>velit</span> <span class='ocrx_word' id='word_1_147' title='bbox 1221 1206 1351 1246; x_wconf 86' lang='lat' dir='ltr'>quodve</span> 
     </span>
    </p>
   </div>
   <div class='ocr_carea' id='block_1_13' title="bbox 350 1251 508 1282">
    <p class='ocr_par' dir='ltr' id='par_1_18' title="bbox 350 1251 508 1282">
     <span class='ocr_line' id='line_1_22' title="bbox 350 1251 508 1282; baseline 0 -1"><span class='ocrx_word' id='word_1_148' title='bbox 350 1251 508 1282; x_wconf 69' lang='lat' dir='ltr'>accersat.</span> 
     </span>
    </p>
   </div>
   <div class='ocr_carea' id='block_1_14' title="bbox 179 1291 1426 1334">
    <p class='ocr_par' dir='ltr' id='par_1_19' title="bbox 179 1291 1426 1334">
     <span class='ocr_line' id='line_1_23' title="bbox 179 1291 1426 1334; baseline -0.002 -9"><span class='ocrx_word' id='word_1_149' title='bbox 179 1293 253 1326; x_wconf 87' lang='grc'><strong>762.</strong></span> <span class='ocrx_word' id='word_1_150' title='bbox 276 1293 348 1324; x_wconf 82' lang='lat' dir='ltr'>med</span> <span class='ocrx_word' id='word_1_151' title='bbox 372 1293 464 1330; x_wconf 85' lang='lat' dir='ltr'>Brix,</span> <span class='ocrx_word' id='word_1_152' title='bbox 491 1303 538 1324; x_wconf 85' lang='lat' dir='ltr'>me</span> <span class='ocrx_word' id='word_1_153' title='bbox 564 1302 645 1326; x_wconf 84' lang='lat' dir='ltr'>mSS.</span> <span class='ocrx_word' id='word_1_154' title='bbox 695 1293 766 1326; x_wconf 86' lang='grc'><strong>763.</strong></span> <span class='ocrx_word' id='word_1_155' title='bbox 794 1294 880 1333; x_wconf 82' lang='lat' dir='ltr'>quod</span> <span class='ocrx_word' id='word_1_156' title='bbox 902 1292 955 1330; x_wconf 89' lang='grc' dir='ltr'>Β.,</span> <span class='ocrx_word' id='word_1_157' title='bbox 977 1293 1058 1333; x_wconf 82' lang='lat' dir='ltr'>quid</span> <span class='ocrx_word' id='word_1_158' title='bbox 1087 1302 1169 1324; x_wconf 86' lang='lat' dir='ltr'>mss.</span> <span class='ocrx_word' id='word_1_159' title='bbox 1202 1291 1426 1334; x_wconf 80' lang='lat' dir='ltr'>(twice).—me</span> 
     </span>
    </p>
   </div>
   <div class='ocr_carea' id='block_1_15' title="bbox 752 1343 768 1362">
    <p class='ocr_par' dir='ltr' id='par_1_20' title="bbox 752 1343 768 1362">
     <span class='ocr_line' id='line_1_24' title="bbox 752 1343 768 1362; baseline 0 0"><span class='ocrx_word' id='word_1_160' title='bbox 752 1343 768 1362; x_wconf 83' lang='grc' dir='ltr'><strong><em>δ</em></strong></span> 
     </span>
    </p>
   </div>
   <div class='ocr_carea' id='block_1_16' title="bbox 178 1367 1427 1451">
    <p class='ocr_par' dir='ltr' id='par_1_21' title="bbox 178 1367 1427 1451">
     <span class='ocr_line' id='line_1_25' title="bbox 179 1367 1427 1407; baseline -0.001 -8"><span class='ocrx_word' id='word_1_161' title='bbox 179 1377 275 1406; x_wconf 63' lang='lat' dir='ltr'>mss„</span> <span class='ocrx_word' id='word_1_162' title='bbox 290 1369 363 1400; x_wconf 79' lang='lat' dir='ltr'>med</span> <span class='ocrx_word' id='word_1_163' title='bbox 377 1368 466 1401; x_wconf 83' lang='lat' dir='ltr'>Brix.</span> <span class='ocrx_word' id='word_1_164' title='bbox 515 1369 588 1401; x_wconf 83' lang='lat'>771.</span> <span class='ocrx_word' id='word_1_165' title='bbox 612 1370 755 1400; x_wconf 72' lang='lat' dir='ltr'>commisi</span> <span class='ocrx_word' id='word_1_166' title='bbox 784 1370 825 1407; x_wconf 91' lang='lat' dir='ltr'>B,</span> <span class='ocrx_word' id='word_1_167' title='bbox 850 1371 1080 1400; x_wconf 80' lang='lat' dir='ltr'>commissumst</span> <span class='ocrx_word' id='word_1_168' title='bbox 1101 1368 1154 1405; x_wconf 84' lang='grc' dir='ltr'>Β.,</span> <span class='ocrx_word' id='word_1_169' title='bbox 1180 1369 1234 1399; x_wconf 83' lang='lat' dir='ltr'>vir</span> <span class='ocrx_word' id='word_1_170' title='bbox 1255 1367 1362 1398; x_wconf 81' lang='lat' dir='ltr'>added</span> <span class='ocrx_word' id='word_1_171' title='bbox 1384 1368 1427 1407; x_wconf 88' lang='lat' dir='ltr'>by</span> 
     </span>
     <span class='ocr_line' id='line_1_26' title="bbox 178 1410 1423 1451; baseline -0.001 -9"><span class='ocrx_word' id='word_1_172' title='bbox 178 1410 270 1442; x_wconf 84' lang='lat' dir='ltr'>Brix.</span> <span class='ocrx_word' id='word_1_173' title='bbox 288 1413 368 1450; x_wconf 73' lang='lat' dir='ltr'>(nisi</span> <span class='ocrx_word' id='word_1_174' title='bbox 389 1417 449 1442; x_wconf 78' lang='lat' dir='ltr'>aut</span> <span class='ocrx_word' id='word_1_175' title='bbox 471 1413 553 1451; x_wconf 76' lang='lat' dir='ltr'>quid</span> <span class='ocrx_word' id='word_1_176' title='bbox 580 1413 634 1442; x_wconf 85' lang='lat' dir='ltr'>vir</span> <span class='ocrx_word' id='word_1_177' title='bbox 657 1413 814 1442; x_wconf 75' lang='lat' dir='ltr'>commisit</span> <span class='ocrx_word' id='word_1_178' title='bbox 840 1417 898 1443; x_wconf 82' lang='lat' dir='ltr'>aut</span> <span class='ocrx_word' id='word_1_179' title='bbox 923 1413 1043 1451; x_wconf 72' lang='lat' dir='ltr'>iuryist</span> <span class='ocrx_word' id='word_1_180' title='bbox 1064 1422 1164 1442; x_wconf 75' lang='lat' dir='ltr'>cansa</span> <span class='ocrx_word' id='word_1_181' title='bbox 1181 1411 1322 1450; x_wconf 82' lang='lat' dir='ltr'>Seyffert</span> <span class='ocrx_word' id='word_1_182' title='bbox 1337 1410 1423 1441; x_wconf 89' lang='lat' dir='ltr'>Phil.</span> 
     </span>
    </p>
   </div>
   <div class='ocr_carea' id='block_1_17' title="bbox 177 1454 426 1496">
    <p class='ocr_par' dir='ltr' id='par_1_22' title="bbox 177 1454 426 1496">
     <span class='ocr_line' id='line_1_27' title="bbox 177 1454 426 1496; baseline 0.008 -12"><span class='ocrx_word' id='word_1_183' title='bbox 177 1462 257 1485; x_wconf 80' lang='lat' dir='ltr'>xxxx</span> <span class='ocrx_word' id='word_1_184' title='bbox 280 1463 312 1494; x_wconf 86' lang='lat' dir='ltr'>p.</span> <span class='ocrx_word' id='word_1_185' title='bbox 340 1454 426 1496; x_wconf 88' lang='grc'>395).</span> 
     </span>
    </p>
   </div>
   <div class='ocr_carea' id='block_1_18' title="bbox 172 1538 769 2346">
    <p class='ocr_par' dir='ltr' id='par_1_23' title="bbox 176 1538 769 1911">
     <span class='ocr_line' id='line_1_28' title="bbox 221 1538 769 1578; baseline -0.004 -6"><span class='ocrx_word' id='word_1_186' title='bbox 221 1538 294 1572; x_wconf 88' lang='grc'><strong>762.</strong></span> <span class='ocrx_word' id='word_1_187' title='bbox 339 1539 411 1570; x_wconf 88' lang='lat' dir='ltr'>The</span> <span class='ocrx_word' id='word_1_188' title='bbox 435 1539 589 1570; x_wconf 84' lang='lat' dir='ltr'>metrieal</span> <span class='ocrx_word' id='word_1_189' title='bbox 615 1549 769 1578; x_wconf 77' lang='lat' dir='ltr'>arrange-</span> 
     </span>
     <span class='ocr_line' id='line_1_29' title="bbox 176 1582 769 1621; baseline 0.002 -9"><span class='ocrx_word' id='word_1_190' title='bbox 176 1584 273 1612; x_wconf 89' lang='lat' dir='ltr'>ment</span> <span class='ocrx_word' id='word_1_191' title='bbox 309 1582 345 1613; x_wconf 80' lang='lat' dir='ltr'>of</span> <span class='ocrx_word' id='word_1_192' title='bbox 381 1582 450 1612; x_wconf 86' lang='lat' dir='ltr'>this</span> <span class='ocrx_word' id='word_1_193' title='bbox 488 1591 629 1621; x_wconf 81' lang='lat' dir='ltr'>passage</span> <span class='ocrx_word' id='word_1_194' title='bbox 662 1582 702 1618; x_wconf 66' lang='lat' dir='ltr'>ig,</span> <span class='ocrx_word' id='word_1_195' title='bbox 733 1582 769 1613; x_wconf 77' lang='lat' dir='ltr'>of</span> 
     </span>
     <span class='ocr_line' id='line_1_30' title="bbox 177 1624 764 1664; baseline 0 -9"><span class='ocrx_word' id='word_1_196' title='bbox 177 1633 303 1662; x_wconf 74' lang='lat' dir='ltr'>course,</span> <span class='ocrx_word' id='word_1_197' title='bbox 335 1624 501 1664; x_wconf 81' lang='lat' dir='ltr'>anything</span> <span class='ocrx_word' id='word_1_198' title='bbox 533 1625 594 1656; x_wconf 88' lang='lat' dir='ltr'>but</span> <span class='ocrx_word' id='word_1_199' title='bbox 624 1625 764 1656; x_wconf 81' lang='lat' dir='ltr'>certain.</span> 
     </span>
     <span class='ocr_line' id='line_1_31' title="bbox 177 1666 766 1704; baseline 0 -6"><span class='ocrx_word' id='word_1_200' title='bbox 177 1666 224 1698; x_wconf 79' lang='lat' dir='ltr'>As</span> <span class='ocrx_word' id='word_1_201' title='bbox 247 1666 306 1698; x_wconf 86' lang='lat' dir='ltr'>the</span> <span class='ocrx_word' id='word_1_202' title='bbox 329 1669 401 1698; x_wconf 88' lang='lat' dir='ltr'>text</span> <span class='ocrx_word' id='word_1_203' title='bbox 427 1667 556 1704; x_wconf 81' lang='lat' dir='ltr'>stands,</span> <span class='ocrx_word' id='word_1_204' title='bbox 572 1677 620 1698; x_wconf 81' lang='lat' dir='ltr'>we</span> <span class='ocrx_word' id='word_1_205' title='bbox 643 1667 766 1698; x_wconf 85' lang='lat' dir='ltr'>should</span> 
     </span>
     <span class='ocr_line' id='line_1_32' title="bbox 177 1709 766 1751; baseline 0 -11"><span class='ocrx_word' id='word_1_206' title='bbox 177 1709 332 1740; x_wconf 82' lang='lat' dir='ltr'>consider</span> <span class='ocrx_word' id='word_1_207' title='bbox 346 1709 406 1741; x_wconf 89' lang='lat' dir='ltr'>the</span> <span class='ocrx_word' id='word_1_208' title='bbox 421 1719 512 1740; x_wconf 88' lang='lat' dir='ltr'>nom.</span> <span class='ocrx_word' id='word_1_209' title='bbox 529 1721 565 1741; x_wconf 82' lang='lat' dir='ltr'>-a</span> <span class='ocrx_word' id='word_1_210' title='bbox 579 1710 615 1741; x_wconf 90' lang='lat' dir='ltr'>in</span> <span class='ocrx_word' id='word_1_211' title='bbox 631 1712 712 1751; x_wconf 79' lang='lat' dir='ltr'>filia</span> <span class='ocrx_word' id='word_1_212' title='bbox 731 1713 766 1740; x_wconf 85' lang='lat' dir='ltr'>to</span> 
     </span>
     <span class='ocr_line' id='line_1_33' title="bbox 177 1750 766 1791; baseline 0 -9"><span class='ocrx_word' id='word_1_213' title='bbox 177 1750 219 1782; x_wconf 85' lang='lat' dir='ltr'>be</span> <span class='ocrx_word' id='word_1_214' title='bbox 254 1751 344 1791; x_wconf 88' lang='lat' dir='ltr'>long.</span> <span class='ocrx_word' id='word_1_215' title='bbox 403 1752 470 1783; x_wconf 87' lang='lat' dir='ltr'>For</span> <span class='ocrx_word' id='word_1_216' title='bbox 506 1752 576 1783; x_wconf 81' lang='lat' dir='ltr'>this</span> <span class='ocrx_word' id='word_1_217' title='bbox 619 1752 766 1791; x_wconf 85' lang='lat' dir='ltr'>prosody</span> 
     </span>
     <span class='ocr_line' id='line_1_34' title="bbox 176 1794 764 1835; baseline 0 -10"><span class='ocrx_word' id='word_1_218' title='bbox 176 1802 284 1834; x_wconf 79' lang='lat' dir='ltr'>comp.</span> <span class='ocrx_word' id='word_1_219' title='bbox 305 1803 367 1825; x_wconf 89' lang='lat' dir='ltr'>our</span> <span class='ocrx_word' id='word_1_220' title='bbox 381 1794 510 1826; x_wconf 87' lang='lat' dir='ltr'>Introd.</span> <span class='ocrx_word' id='word_1_221' title='bbox 526 1797 561 1825; x_wconf 85' lang='lat' dir='ltr'>to</span> <span class='ocrx_word' id='word_1_222' title='bbox 577 1795 652 1825; x_wconf 90' lang='lat' dir='ltr'>Aul.</span> <span class='ocrx_word' id='word_1_223' title='bbox 665 1805 698 1835; x_wconf 88' lang='lat' dir='ltr'>p.</span> <span class='ocrx_word' id='word_1_224' title='bbox 714 1796 764 1825; x_wconf 87' lang='lat'>12.</span> 
     </span>
     <span class='ocr_line' id='line_1_35' title="bbox 177 1837 767 1909; baseline 0.002 -42"><span class='ocrx_word' id='word_1_225' title='bbox 177 1838 266 1909; x_wconf 56' lang='grc' dir='ltr'>-Ξτέ</span> <span class='ocrx_word' id='word_1_226' title='bbox 294 1842 423 1892; x_wconf 66' lang='lat' dir='ltr'>repente</span> <span class='ocrx_word' id='word_1_227' title='bbox 454 1841 513 1868; x_wconf 83' lang='lat' dir='ltr'>‘so</span> <span class='ocrx_word' id='word_1_228' title='bbox 549 1838 642 1876; x_wconf 86' lang='lat' dir='ltr'>quite</span> <span class='ocrx_word' id='word_1_229' title='bbox 675 1837 710 1868; x_wconf 78' lang='lat' dir='ltr'>of</span> <span class='ocrx_word' id='word_1_230' title='bbox 746 1847 767 1868; x_wconf 81' lang='lat' dir='ltr'>a</span> 
     </span>
     <span class='ocr_line' id='line_1_36' title="bbox 176 1887 336 1911; baseline 0.013 -2"><span class='ocrx_word' id='word_1_231' title='bbox 176 1887 216 1910; x_wconf 86' lang='lat' dir='ltr'>su</span> <span class='ocrx_word' id='word_1_232' title='bbox 263 1888 306 1910; x_wconf 86' lang='lat' dir='ltr'>en</span> <span class='ocrx_word' id='word_1_233' title='bbox 329 1904 336 1911; x_wconf 96' lang='lat'>.</span> 
     </span>
    </p>

    <p class='ocr_par' dir='ltr' id='par_1_24' title="bbox 174 1921 765 2081">
     <span class='ocr_line' id='line_1_37' title="bbox 218 1921 765 1954; baseline 0 -1"><span class='ocrx_word' id='word_1_234' title='bbox 218 1921 291 1954; x_wconf 86' lang='grc'><strong>763.</strong></span> <span class='ocrx_word' id='word_1_235' title='bbox 335 1922 408 1952; x_wconf 83' lang='lat' dir='ltr'>med</span> <span class='ocrx_word' id='word_1_236' title='bbox 431 1922 461 1952; x_wconf 85' lang='lat' dir='ltr'>is</span> <span class='ocrx_word' id='word_1_237' title='bbox 485 1931 529 1953; x_wconf 88' lang='lat' dir='ltr'>an</span> <span class='ocrx_word' id='word_1_238' title='bbox 552 1922 707 1953; x_wconf 78' lang='lat' dir='ltr'>instance</span> <span class='ocrx_word' id='word_1_239' title='bbox 730 1922 765 1953; x_wconf 83' lang='lat' dir='ltr'>of</span> 
     </span>
     <span class='ocr_line' id='line_1_38' title="bbox 175 1963 764 2004; baseline 0.003 -10"><span class='ocrx_word' id='word_1_240' title='bbox 175 1963 340 2003; x_wconf 82' lang='lat' dir='ltr'>prolepsis</span> <span class='ocrx_word' id='word_1_241' title='bbox 356 1974 393 1995; x_wconf 91' lang='lat' dir='ltr'>or</span> <span class='ocrx_word' id='word_1_242' title='bbox 407 1965 629 2004; x_wconf 81' lang='lat' dir='ltr'>anticipation</span> <span class='ocrx_word' id='word_1_243' title='bbox 649 1965 684 1995; x_wconf 81' lang='lat' dir='ltr'>of</span> <span class='ocrx_word' id='word_1_244' title='bbox 706 1965 764 1996; x_wconf 88' lang='lat' dir='ltr'>the</span> 
     </span>
     <span class='ocr_line' id='line_1_39' title="bbox 175 2006 763 2047; baseline 0.003 -11"><span class='ocrx_word' id='word_1_245' title='bbox 175 2006 305 2046; x_wconf 80' lang='lat' dir='ltr'>subject</span> <span class='ocrx_word' id='word_1_246' title='bbox 329 2007 364 2038; x_wconf 80' lang='lat' dir='ltr'>of</span> <span class='ocrx_word' id='word_1_247' title='bbox 392 2007 451 2037; x_wconf 86' lang='lat' dir='ltr'>the</span> <span class='ocrx_word' id='word_1_248' title='bbox 474 2007 665 2047; x_wconf 87' lang='lat' dir='ltr'>dependent</span> <span class='ocrx_word' id='word_1_249' title='bbox 688 2017 763 2038; x_wconf 85' lang='lat' dir='ltr'>sen-</span> 
     </span>
     <span class='ocr_line' id='line_1_40' title="bbox 174 2051 279 2081; baseline 0.01 -1"><span class='ocrx_word' id='word_1_250' title='bbox 174 2051 279 2081; x_wconf 82' lang='lat' dir='ltr'>tence.</span> 
     </span>
    </p>

    <p class='ocr_par' dir='ltr' id='par_1_25' title="bbox 172 2091 763 2346">
     <span class='ocr_line' id='line_1_41' title="bbox 217 2091 763 2131; baseline -0.002 -7"><span class='ocrx_word' id='word_1_251' title='bbox 217 2092 279 2124; x_wconf 87' lang='grc'>763</span> <span class='ocrx_word' id='word_1_252' title='bbox 286 2091 311 2123; x_wconf 82' lang='lat'>¹¹.</span> <span class='ocrx_word' id='word_1_253' title='bbox 328 2092 369 2122; x_wconf 90' lang='lat' dir='ltr'>In</span> <span class='ocrx_word' id='word_1_254' title='bbox 381 2101 478 2131; x_wconf 87' lang='lat' dir='ltr'>prose</span> <span class='ocrx_word' id='word_1_255' title='bbox 487 2102 534 2123; x_wconf 86' lang='lat' dir='ltr'>we</span> <span class='ocrx_word' id='word_1_256' title='bbox 546 2091 668 2123; x_wconf 85' lang='lat' dir='ltr'>should</span> <span class='ocrx_word' id='word_1_257' title='bbox 677 2091 763 2123; x_wconf 82' lang='lat' dir='ltr'>have</span> 
     </span>
     <span class='ocr_line' id='line_1_42' title="bbox 172 2136 763 2175; baseline 0 -9"><span class='ocrx_word' id='word_1_258' title='bbox 172 2136 210 2166; x_wconf 83' lang='lat' dir='ltr'>to</span> <span class='ocrx_word' id='word_1_259' title='bbox 232 2144 292 2174; x_wconf 77' lang='lat' dir='ltr'>say</span> <span class='ocrx_word' id='word_1_260' title='bbox 306 2145 408 2174; x_wconf 82' lang='lat' dir='ltr'>neque</span> <span class='ocrx_word' id='word_1_261' title='bbox 430 2136 596 2166; x_wconf 82' lang='lat' dir='ltr'>certiorem</span> <span class='ocrx_word' id='word_1_262' title='bbox 615 2145 663 2166; x_wconf 87' lang='lat' dir='ltr'>me</span> <span class='ocrx_word' id='word_1_263' title='bbox 673 2137 763 2175; x_wconf 80' lang='lat' dir='ltr'>facit</span> 
     </span>
     <span class='ocr_line' id='line_1_43' title="bbox 174 2177 762 2217; baseline 0 -9"><span class='ocrx_word' id='word_1_264' title='bbox 174 2178 256 2217; x_wconf 80' lang='lat' dir='ltr'>quid</span> <span class='ocrx_word' id='word_1_265' title='bbox 266 2179 308 2215; x_wconf 55' lang='lat' dir='ltr'>,id</span> <span class='ocrx_word' id='word_1_266' title='bbox 321 2179 374 2209; x_wconf 70' lang='lat' dir='ltr'>sit.</span> <span class='ocrx_word' id='word_1_267' title='bbox 413 2177 480 2208; x_wconf 89' lang='lat' dir='ltr'>For</span> <span class='ocrx_word' id='word_1_268' title='bbox 494 2177 553 2208; x_wconf 89' lang='lat' dir='ltr'>the</span> <span class='ocrx_word' id='word_1_269' title='bbox 569 2178 762 2217; x_wconf 86' lang='lat' dir='ltr'>expression</span> 
     </span>
     <span class='ocr_line' id='line_1_44' title="bbox 172 2219 762 2261; baseline 0.002 -11"><span class='ocrx_word' id='word_1_270' title='bbox 172 2219 257 2251; x_wconf 81' lang='lat' dir='ltr'>used</span> <span class='ocrx_word' id='word_1_271' title='bbox 270 2219 307 2250; x_wconf 89' lang='lat' dir='ltr'>in</span> <span class='ocrx_word' id='word_1_272' title='bbox 322 2219 381 2250; x_wconf 87' lang='lat' dir='ltr'>the</span> <span class='ocrx_word' id='word_1_273' title='bbox 396 2222 469 2251; x_wconf 83' lang='lat' dir='ltr'>text</span> <span class='ocrx_word' id='word_1_274' title='bbox 485 2219 606 2261; x_wconf 84' lang='lat' dir='ltr'>(which</span> <span class='ocrx_word' id='word_1_275' title='bbox 622 2229 762 2260; x_wconf 77' lang='lat' dir='ltr'>appears</span> 
     </span>
     <span class='ocr_line' id='line_1_45' title="bbox 172 2261 762 2304; baseline 0.002 -12"><span class='ocrx_word' id='word_1_276' title='bbox 172 2263 210 2292; x_wconf 84' lang='lat' dir='ltr'>to</span> <span class='ocrx_word' id='word_1_277' title='bbox 224 2261 310 2294; x_wconf 77' lang='lat' dir='ltr'>have</span> <span class='ocrx_word' id='word_1_278' title='bbox 324 2262 410 2293; x_wconf 89' lang='lat' dir='ltr'>been</span> <span class='ocrx_word' id='word_1_279' title='bbox 422 2262 614 2304; x_wconf 83' lang='lat' dir='ltr'>colloquial)</span> <span class='ocrx_word' id='word_1_280' title='bbox 626 2272 673 2293; x_wconf 90' lang='lat' dir='ltr'>we</span> <span class='ocrx_word' id='word_1_281' title='bbox 683 2272 762 2302; x_wconf 83' lang='lat' dir='ltr'>may</span> 
     </span>
     <span class='ocr_line' id='line_1_46' title="bbox 172 2305 761 2346; baseline -0.002 -9"><span class='ocrx_word' id='word_1_282' title='bbox 172 2312 328 2346; x_wconf 81' lang='lat' dir='ltr'>compare</span> <span class='ocrx_word' id='word_1_283' title='bbox 352 2305 473 2337; x_wconf 84' lang='lat' dir='ltr'>Pseud.</span> <span class='ocrx_word' id='word_1_284' title='bbox 500 2314 528 2336; x_wconf 90' lang='lat'>11</span> <span class='ocrx_word' id='word_1_285' title='bbox 553 2307 583 2343; x_wconf 86' lang='lat'>2,</span> <span class='ocrx_word' id='word_1_286' title='bbox 613 2305 634 2336; x_wconf 86' lang='lat'>4</span> <span class='ocrx_word' id='word_1_287' title='bbox 662 2306 761 2336; x_wconf 68' lang='lat' dir='ltr'>nimis</span> 
     </span>
    </p>
   </div>
   <div class='ocr_carea' id='block_1_19' title="bbox 475 1453 1423 1494">
    <p class='ocr_par' dir='ltr' id='par_1_26' title="bbox 475 1453 1423 1494">
     <span class='ocr_line' id='line_1_47' title="bbox 475 1453 1423 1494; baseline -0.003 -7"><span class='ocrx_word' id='word_1_288' title='bbox 475 1456 546 1488; x_wconf 88' lang='grc'><strong>772.</strong></span> <span class='ocrx_word' id='word_1_289' title='bbox 574 1455 732 1494; x_wconf 78' lang='lat' dir='ltr'>quicquid</span> <span class='ocrx_word' id='word_1_290' title='bbox 755 1455 792 1485; x_wconf 84' lang='lat' dir='ltr'>id</span> <span class='ocrx_word' id='word_1_291' title='bbox 817 1459 865 1485; x_wconf 83' lang='lat' dir='ltr'>est</span> <span class='ocrx_word' id='word_1_292' title='bbox 891 1464 987 1492; x_wconf 64' lang='lat' dir='ltr'>mss,</span> <span class='ocrx_word' id='word_1_293' title='bbox 1012 1453 1211 1493; x_wconf 81' lang='lat' dir='ltr'>transposed</span> <span class='ocrx_word' id='word_1_294' title='bbox 1237 1453 1280 1493; x_wconf 81' lang='lat' dir='ltr'>by</span> <span class='ocrx_word' id='word_1_295' title='bbox 1303 1453 1423 1484; x_wconf 84' lang='lat' dir='ltr'>Bothe.</span> 
     </span>
    </p>
   </div>
   <div class='ocr_carea' id='block_1_20' title="bbox 826 1538 1424 2347">
    <p class='ocr_par' dir='ltr' id='par_1_27' title="bbox 833 1538 1423 1579">
     <span class='ocr_line' id='line_1_48' title="bbox 833 1538 1423 1579; baseline -0.002 -9"><span class='ocrx_word' id='word_1_296' title='bbox 833 1541 932 1570; x_wconf 85' lang='lat' dir='ltr'>velim</span> <span class='ocrx_word' id='word_1_297' title='bbox 955 1544 1077 1570; x_wconf 73' lang='lat' dir='ltr'>certum</span> <span class='ocrx_word' id='word_1_298' title='bbox 1106 1540 1164 1579; x_wconf 78' lang='lat' dir='ltr'>qui</span> <span class='ocrx_word' id='word_1_299' title='bbox 1193 1539 1277 1569; x_wconf 82' lang='lat' dir='ltr'>mihi</span> <span class='ocrx_word' id='word_1_300' title='bbox 1298 1538 1423 1577; x_wconf 82' lang='lat' dir='ltr'>faciat,</span> 
     </span>
    </p>

    <p class='ocr_par' dir='ltr' id='par_1_28' title="bbox 835 1582 1419 1613">
     <span class='ocr_line' id='line_1_49' title="bbox 835 1582 1419 1613; baseline 0 0"><span class='ocrx_word' id='word_1_301' title='bbox 835 1583 948 1613; x_wconf 82' lang='lat' dir='ltr'>Ballio</span> <span class='ocrx_word' id='word_1_302' title='bbox 986 1583 1057 1613; x_wconf 85' lang='lat' dir='ltr'>leno</span> <span class='ocrx_word' id='word_1_303' title='bbox 1094 1583 1150 1612; x_wconf 78' lang='lat' dir='ltr'>ubi</span> <span class='ocrx_word' id='word_1_304' title='bbox 1189 1582 1242 1612; x_wconf 83' lang='lat' dir='ltr'>hic</span> <span class='ocrx_word' id='word_1_305' title='bbox 1282 1582 1419 1613; x_wconf 76' lang='lat' dir='ltr'>habitat.</span> 
     </span>
    </p>

    <p class='ocr_par' dir='ltr' id='par_1_29' title="bbox 834 1623 1424 1656">
     <span class='ocr_line' id='line_1_50' title="bbox 834 1623 1424 1656; baseline -0.002 -1"><span class='ocrx_word' id='word_1_306' title='bbox 834 1624 942 1656; x_wconf 88' lang='lat' dir='ltr'>There</span> <span class='ocrx_word' id='word_1_307' title='bbox 972 1625 1001 1656; x_wconf 91' lang='lat' dir='ltr'>is</span> <span class='ocrx_word' id='word_1_308' title='bbox 1032 1625 1104 1655; x_wconf 87' lang='lat' dir='ltr'>also</span> <span class='ocrx_word' id='word_1_309' title='bbox 1133 1624 1170 1654; x_wconf 92' lang='lat' dir='ltr'>in</span> <span class='ocrx_word' id='word_1_310' title='bbox 1200 1624 1342 1654; x_wconf 84' lang='lat' dir='ltr'>Plautus</span> <span class='ocrx_word' id='word_1_311' title='bbox 1365 1623 1424 1655; x_wconf 88' lang='lat' dir='ltr'>the</span> 
     </span>
    </p>

    <p class='ocr_par' dir='ltr' id='par_1_30' title="bbox 833 1667 1421 1706">
     <span class='ocr_line' id='line_1_51' title="bbox 833 1667 1421 1706; baseline -0.003 -8"><span class='ocrx_word' id='word_1_312' title='bbox 833 1667 955 1706; x_wconf 82' lang='lat' dir='ltr'>phrase</span> <span class='ocrx_word' id='word_1_313' title='bbox 984 1673 1106 1698; x_wconf 81' lang='lat' dir='ltr'>certum</span> <span class='ocrx_word' id='word_1_314' title='bbox 1129 1668 1242 1706; x_wconf 84' lang='lat' dir='ltr'>facere</span> <span class='ocrx_word' id='word_1_315' title='bbox 1268 1667 1421 1705; x_wconf 81' lang='lat' dir='ltr'>aliquem,</span> 
     </span>
    </p>

    <p class='ocr_par' dir='ltr' id='par_1_31' title="bbox 832 1709 1423 1749">
     <span class='ocr_line' id='line_1_52' title="bbox 832 1709 1423 1749; baseline 0 -9"><span class='ocrx_word' id='word_1_316' title='bbox 832 1719 858 1742; x_wconf 87' lang='lat' dir='ltr'>e.</span> <span class='ocrx_word' id='word_1_317' title='bbox 871 1720 902 1748; x_wconf 85' lang='lat' dir='ltr'>g.</span> <span class='ocrx_word' id='word_1_318' title='bbox 931 1710 1052 1742; x_wconf 86' lang='lat' dir='ltr'>Pseud.</span> <span class='ocrx_word' id='word_1_319' title='bbox 1087 1719 1120 1740; x_wconf 86' lang='lat' dir='ltr'>1v</span> <span class='ocrx_word' id='word_1_320' title='bbox 1149 1709 1180 1745; x_wconf 83' lang='lat'>6,</span> <span class='ocrx_word' id='word_1_321' title='bbox 1211 1709 1251 1739; x_wconf 86' lang='lat'>35</span> <span class='ocrx_word' id='word_1_322' title='bbox 1281 1710 1423 1749; x_wconf 80' lang='lat' dir='ltr'>epistula</span> 
     </span>
    </p>

    <p class='ocr_par' dir='ltr' id='par_1_32' title="bbox 831 1753 1362 1835">
     <span class='ocr_line' id='line_1_53' title="bbox 831 1753 1362 1792; baseline 0 -9"><span class='ocrx_word' id='word_1_323' title='bbox 831 1757 930 1792; x_wconf 79' lang='lat' dir='ltr'>atque</span> <span class='ocrx_word' id='word_1_324' title='bbox 947 1754 1052 1791; x_wconf 70' lang='lat' dir='ltr'>imaqo</span> <span class='ocrx_word' id='word_1_325' title='bbox 1070 1762 1115 1783; x_wconf 90' lang='lat' dir='ltr'>me</span> <span class='ocrx_word' id='word_1_326' title='bbox 1130 1753 1362 1792; x_wconf 76' lang='lat' dir='ltr'>certumsacit.</span> 
     </span>
     <span class='ocr_line' id='line_1_54' title="bbox 875 1795 1245 1835; baseline 0 -10"><span class='ocrx_word' id='word_1_327' title='bbox 875 1796 961 1835; x_wconf 83' lang='lat' dir='ltr'>quod</span> <span class='ocrx_word' id='word_1_328' title='bbox 967 1810 998 1821; x_wconf 91' lang='lat'><strong><em>=</em></strong></span> <span class='ocrx_word' id='word_1_329' title='bbox 1001 1800 1135 1834; x_wconf 79' lang='lat' dir='ltr'>propter</span> <span class='ocrx_word' id='word_1_330' title='bbox 1150 1795 1245 1834; x_wconf 78' lang='lat' dir='ltr'>quod.</span> 
     </span>
    </p>

    <p class='ocr_par' dir='ltr' id='par_1_33' title="bbox 828 1836 1419 1953">
     <span class='ocr_line' id='line_1_55' title="bbox 875 1836 1416 1879; baseline -0.004 -10"><span class='ocrx_word' id='word_1_331' title='bbox 875 1838 945 1869; x_wconf 88' lang='grc'><strong>766.</strong></span> <span class='ocrx_word' id='word_1_332' title='bbox 993 1838 1256 1868; x_wconf 79' lang='lat' dir='ltr'>istaec=istaece</span> <span class='ocrx_word' id='word_1_333' title='bbox 1299 1836 1416 1879; x_wconf 80' lang='lat' dir='ltr'>(istae),</span> 
     </span>
     <span class='ocr_line' id='line_1_56' title="bbox 828 1879 1419 1921; baseline -0.002 -10"><span class='ocrx_word' id='word_1_334' title='bbox 828 1879 899 1918; x_wconf 72' lang='lat' dir='ltr'>just</span> <span class='ocrx_word' id='word_1_335' title='bbox 921 1889 958 1911; x_wconf 82' lang='lat' dir='ltr'>as</span> <span class='ocrx_word' id='word_1_336' title='bbox 983 1881 1273 1911; x_wconf 81' lang='lat' dir='ltr'>haec=hae.—ita</span> <span class='ocrx_word' id='word_1_337' title='bbox 1297 1889 1342 1910; x_wconf 85' lang='lat' dir='ltr'>sc.</span> <span class='ocrx_word' id='word_1_338' title='bbox 1363 1882 1419 1921; x_wconf 85' lang='lat' dir='ltr'>sa·</span> 
     </span>
     <span class='ocr_line' id='line_1_57' title="bbox 829 1932 909 1953; baseline -0.013 0"><span class='ocrx_word' id='word_1_339' title='bbox 829 1932 909 1953; x_wconf 86' lang='lat' dir='ltr'>cere.</span> 
     </span>
    </p>

    <p class='ocr_par' dir='ltr' id='par_1_34' title="bbox 830 1965 1419 2047">
     <span class='ocr_line' id='line_1_58' title="bbox 872 1965 1419 2005; baseline 0 -9"><span class='ocrx_word' id='word_1_340' title='bbox 872 1965 944 1998; x_wconf 93' lang='grc'><strong>767.</strong></span> <span class='ocrx_word' id='word_1_341' title='bbox 987 1966 1168 2005; x_wconf 79' lang='lat' dir='ltr'>postulant,</span> <span class='ocrx_word' id='word_1_342' title='bbox 1198 1965 1344 2003; x_wconf 77' lang='grc' dir='ltr'>ἀξιοῦσιν,</span> <span class='ocrx_word' id='word_1_343' title='bbox 1368 1974 1419 1996; x_wconf 85' lang='lat' dir='ltr'>ae-</span> 
     </span>
     <span class='ocr_line' id='line_1_59' title="bbox 830 2008 1303 2047; baseline 0.002 -9"><span class='ocrx_word' id='word_1_344' title='bbox 830 2017 936 2047; x_wconf 89' lang='lat' dir='ltr'>quum</span> <span class='ocrx_word' id='word_1_345' title='bbox 952 2008 1169 2039; x_wconf 81' lang='lat' dir='ltr'>arbitrantur.</span> <span class='ocrx_word' id='word_1_346' title='bbox 1194 2008 1303 2040; x_wconf 71' lang='lat' dir='ltr'>LAMB.</span> 
     </span>
    </p>

    <p class='ocr_par' dir='ltr' id='par_1_35' title="bbox 872 2050 1200 2088">
     <span class='ocr_line' id='line_1_60' title="bbox 872 2050 1200 2088; baseline -0.003 -6"><span class='ocrx_word' id='word_1_347' title='bbox 872 2050 945 2083; x_wconf 86' lang='grc'><strong>768.</strong></span> <span class='ocrx_word' id='word_1_348' title='bbox 990 2052 1058 2088; x_wconf 80' lang='lat' dir='ltr'>illi,</span> <span class='ocrx_word' id='word_1_349' title='bbox 1073 2050 1200 2081; x_wconf 87' lang='lat' dir='ltr'>mariti.</span> 
     </span>
    </p>

    <p class='ocr_par' dir='ltr' id='par_1_36' title="bbox 826 2091 1419 2303">
     <span class='ocr_line' id='line_1_61' title="bbox 871 2091 1418 2125; baseline -0.004 0"><span class='ocrx_word' id='word_1_350' title='bbox 871 2093 944 2125; x_wconf 89' lang='grc'><strong>769.</strong></span> <span class='ocrx_word' id='word_1_351' title='bbox 989 2093 1031 2123; x_wconf 86' lang='grc'>111</span> <span class='ocrx_word' id='word_1_352' title='bbox 1061 2094 1172 2124; x_wconf 81' lang='lat' dir='ltr'>modus</span> <span class='ocrx_word' id='word_1_353' title='bbox 1202 2091 1261 2124; x_wconf 89' lang='lat' dir='ltr'>the</span> <span class='ocrx_word' id='word_1_354' title='bbox 1290 2092 1373 2123; x_wconf 87' lang='lat' dir='ltr'>final</span> <span class='ocrx_word' id='word_1_355' title='bbox 1403 2103 1418 2124; x_wconf 72' lang='grc' dir='ltr'><em>ε</em></span> 
     </span>
     <span class='ocr_line' id='line_1_62' title="bbox 827 2134 1419 2178; baseline -0.002 -12"><span class='ocrx_word' id='word_1_356' title='bbox 827 2134 950 2178; x_wconf 80' lang='lat' dir='ltr'>should</span> <span class='ocrx_word' id='word_1_357' title='bbox 955 2135 995 2166; x_wconf 90' lang='lat' dir='ltr'>be</span> <span class='ocrx_word' id='word_1_358' title='bbox 1002 2135 1161 2175; x_wconf 89' lang='lat' dir='ltr'>dropped,</span> <span class='ocrx_word' id='word_1_359' title='bbox 1168 2135 1249 2166; x_wconf 87' lang='lat' dir='ltr'>thus</span> <span class='ocrx_word' id='word_1_360' title='bbox 1258 2134 1419 2174; x_wconf 85' lang='lat' dir='ltr'>reducing</span> 
     </span>
     <span class='ocr_line' id='line_1_63' title="bbox 826 2177 1418 2218; baseline 0 -10"><span class='ocrx_word' id='word_1_361' title='bbox 826 2177 886 2208; x_wconf 88' lang='lat' dir='ltr'>the</span> <span class='ocrx_word' id='word_1_362' title='bbox 900 2177 992 2209; x_wconf 85' lang='lat' dir='ltr'>word</span> <span class='ocrx_word' id='word_1_363' title='bbox 1006 2180 1042 2209; x_wconf 92' lang='lat' dir='ltr'>to</span> <span class='ocrx_word' id='word_1_364' title='bbox 1057 2187 1077 2209; x_wconf 86' lang='lat' dir='ltr'>a</span> <span class='ocrx_word' id='word_1_365' title='bbox 1091 2177 1418 2218; x_wconf 79' lang='lat' dir='ltr'>pyrrhich.-quoad</span> 
     </span>
     <span class='ocr_line' id='line_1_64' title="bbox 827 2219 1416 2252; baseline 0 -1"><span class='ocrx_word' id='word_1_366' title='bbox 827 2219 950 2251; x_wconf 82' lang='lat' dir='ltr'>should</span> <span class='ocrx_word' id='word_1_367' title='bbox 973 2220 1014 2252; x_wconf 87' lang='lat' dir='ltr'>be</span> <span class='ocrx_word' id='word_1_368' title='bbox 1040 2219 1171 2252; x_wconf 83' lang='lat' dir='ltr'>treated</span> <span class='ocrx_word' id='word_1_369' title='bbox 1194 2230 1231 2251; x_wconf 84' lang='lat' dir='ltr'>as</span> <span class='ocrx_word' id='word_1_370' title='bbox 1259 2229 1279 2251; x_wconf 83' lang='lat' dir='ltr'>a</span> <span class='ocrx_word' id='word_1_371' title='bbox 1300 2229 1416 2252; x_wconf 87' lang='lat' dir='ltr'>mono·</span> 
     </span>
     <span class='ocr_line' id='line_1_65' title="bbox 826 2263 1108 2303; baseline 0.004 -10"><span class='ocrx_word' id='word_1_372' title='bbox 826 2263 968 2303; x_wconf 82' lang='lat' dir='ltr'>syllable</span> <span class='ocrx_word' id='word_1_373' title='bbox 975 2278 1004 2290; x_wconf 95' lang='lat'><strong><em>=</em></strong></span> <span class='ocrx_word' id='word_1_374' title='bbox 1012 2264 1108 2303; x_wconf 82' lang='lat' dir='ltr'>quod.</span> 
     </span>
    </p>

    <p class='ocr_par' dir='ltr' id='par_1_37' title="bbox 870 2303 1355 2347">
     <span class='ocr_line' id='line_1_66' title="bbox 870 2303 1355 2347; baseline 0 -8"><span class='ocrx_word' id='word_1_375' title='bbox 870 2305 945 2339; x_wconf 91' lang='grc'><strong>770.</strong></span> <span class='ocrx_word' id='word_1_376' title='bbox 981 2307 1065 2347; x_wconf 84' lang='lat' dir='ltr'>filia</span> <span class='ocrx_word' id='word_1_377' title='bbox 1083 2308 1152 2347; x_wconf 74' lang='lat' dir='ltr'>‘my</span> <span class='ocrx_word' id='word_1_378' title='bbox 1166 2303 1355 2345; x_wconf 77' lang='lat' dir='ltr'>daughter’.</span> 
     </span>
    </p>
   </div>
  </div>
 </body>
</html>
