1554 2564
204 167 284 207 128

666 167 980 200 MENAECHMEI.

1114 147 1180 208 [v.
1204 154 1241 195 9.
1264 152 1440 194 12-22.

203 266 280 319 ego
310 263 480 319 quidem
509 261 634 302 huius
664 261 801 301 servos
830 273 934 308 sum,
967 257 1037 298 sed
1068 255 1168 296 med
1199 268 1287 296 esse
1315 254 1442 296 huius

315 320 478 361 credidi.

205 378 316 418 hunc
347 376 565 418 censebam
597 374 640 415 te
673 387 784 414 esse:
817 371 915 413 huic
947 370 1075 412 etiam
1108 367 1284 410 exhibui
1314 368 1441 424 negd-

317 433 435 474 tium.

204 491 357 545 quae‘so
381 490 578 544 ignoscas,
602 488 636 528 si
657 486 757 541 quid
785 485 913 526 stulte
941 483 1029 524 dixi
1055 487 1184 538 atque
1210 481 1440 536 inprudens

314 546 403 587 tibi.

206 604 287 644 ME.
302 603 358 643 II.
374 601 548 643 delirare
565 600 669 640 mihi
687 599 836 639 videre.
863 597 946 638 non
964 595 1290 637 commeministi
1305 587 1440 637 semul

315 729 490 769 aequom
514 713 707 767 postulas.

203 773 250 813 tu
271 786 364 813 erus
385 786 450 812 es:
479 776 525 810 tu
547 770 705 810 se'rvom
728 782 890 822 quaere.

79 668 184 709 1075
204 668 245 701 te
279 658 400 700 hodie
433 672 596 698 mecum
630 657 740 696 exire
774 669 825 696 ex
856 654 983 694 navi?
1046 653 1157 694 MES.
1194 653 1309 694 enim
1340 667 1470 694 vero·

949 768 999 808 tu
1020 767 1178 808 salveto
1196 780 1204 808 :
1236 766 1287 807 tu
1305 724 1441 808 vale.16

203 830 312 869 hunc
333 842 408 882 ego
430 842 515 867 esse
537 826 602 866 aio
624 825 956 866 Menaechmum.
1017 824 1103 864 ME.
1122 824 1154 866 Ι.
1186 823 1234 864 at
1254 837 1330 878 ego
1358 838 1438 865 me.

313 885 398 925 ΜΕ.
421 884 478 924 ΙΙ.

200 942 280 982 t1'1's
314 940 642 982 Menaechmus?

310 998 560 1051 prognatum
592 1001 720 1050 patre.

511 897 619 937 quae
649 882 750 922 haec
781 881 1001 922 fabulast?

715 938 799 978 ΜΕ.
822 938 857 979 Ι.
900 938 970 978 me
1005 951 1093 978 esse
1126 937 1228 986 dico,
1266 936 1438 978 Moscho

201 1054 284 1095 ME.
306 1054 363 1095 II.
399 1055 477 1093 tun
507 1067 600 1093 meo
630 1052 782 1106 patre's
812 1054 1071 1105 prognatus?
1134 1051 1218 1092 ME.
1241 1051 1275 1092 I.
1305 1051 1438 1092 immo

312 1110 519 1164 equidem,
541 1109 796 1157 adulescens
811 1123 918 1148 meo.
1403 1123 1437 1148 20

76 1175 181 1215 1030
200 1167 317 1208 tuom
337 1167 416 1207 tibi
437 1180 572 1221 neque
593 1165 794 1219 occupare
814 1166 952 1219 ne'que
973 1164 1210 1219 praeripere
1230 1164 1409 1219 postulo.

201 1224 306 1264 MES.
348 1223 389 1263 di
427 1223 696 1272 immortales,
734 1236 851 1276 spem
889 1223 1146 1276 insperatam
1185 1222 1286 1263 date
1319 1221 1436 1272 mihi,

310 1294 437 1335 quam
464 1279 656 1334 suspicor.

198 1380 359 1412 emended
374 1380 417 1419 by
431 1379 605 1410 Biicheler.
643 1380 752 1410 eadem
762 1380 820 1419 pol
831 1380 976 1419 patriast
992 1380 1074 1410 mihi
1089 1379 1127 1411 R.
1169 1378 1264 1411 1071.
1279 1389 1328 1410 me
1340 1387 1433 1417 mss„

198 1424 268 1454 med
283 1423 417 1453 Pareus.
462 1423 516 1453 sed
534 1423 630 1452 huius
645 1430 692 1452 me
716 1432 781 1452 esse
804 1422 844 1453 R.
892 1422 985 1454 1072.
1010 1431 1066 1460 eqo
1083 1423 1166 1452 hunc
1185 1431 1279 1460 mss,
1294 1431 1351 1460 eqo
1367 1431 1432 1454 om.

198 1466 236 1496 R.
271 1466 330 1496 We
347 1465 466 1495 should
480 1464 622 1503 perhaps
638 1464 744 1494 insert
761 1466 813 1495 hic
830 1464 916 1495 after
939 1466 1045 1496 etiam.
1096 1464 1187 1496 1079.
1217 1469 1275 1494 tun
1289 1474 1378 1494 ameo
1395 1465 1436 1501 B,

199 1507 359 1538 emended
372 1507 416 1546 by
431 1507 581 1546 Pylades.
627 1507 719 1538 1080.
745 1511 837 1538 tuum
863 1508 924 1537 tibi
951 1517 966 1537 e
973 1517 1017 1546 90
1042 1506 1083 1536 R.
1111 1506 1244 1544 against
1267 1505 1327 1537 the
1352 1515 1434 1537 mss.

200 1551 291 1581 1081.
314 1560 426 1590 quam
440 1552 638 1590 insperatam
652 1558 738 1589 spem
760 1551 848 1581 datis
862 1550 918 1588 mi,
937 1554 980 1580 ut
1009 1550 1155 1589 suspicor
1168 1549 1209 1580 R.
1231 1548 1363 1588 against
1378 1547 1438 1580 the

240 1638 331 1669 1072.
359 1634 780 1675 ezhibuineyotium,⁷rpd·y-

199 1692 281 1716 ματα
309 1682 477 1720 παρέσχον,
501 1678 545 1718 by
567 1678 686 1717 asking
707 1677 780 1708 him

200 1723 249 1752 for
265 1732 320 1760 my
337 1721 493 1752 freedom.

243 1765 334 1796 1073.
373 1765 469 1794 stulte
483 1768 580 1803 atque
593 1764 779 1803 imprudens

205 1817 296 1846 :per
324 1807 503 1836 stultitiam
531 1811 627 1845 atque
659 1807 779 1844 impru-

199 1849 351 1879 dentiam.
397 1848 438 1878 In
462 1857 481 1878 a
510 1857 602 1878 more
627 1847 781 1886 polished

200 1891 283 1929 style
303 1900 349 1920 we
372 1890 492 1920 should
514 1890 620 1920 either
639 1890 724 1920 have
745 1892 780 1920 to

200 1942 258 1971 say
275 1936 391 1963 stultus
413 1937 509 1971 atque
530 1934 727 1971 imprudens,
744 1942 781 1963 or

199 1977 294 2005 stulte
310 1980 405 2014 atque
424 1976 652 2014 imprudenter.

242 2018 333 2049 1074.
378 2017 438 2047 We
459 2016 579 2047 should
594 2016 664 2056 join
679 2018 780 2051 semul

199 2069 317 2090 mecum
336 2059 499 2098 ‘together
514 2059 595 2089 with
610 2059 690 2091 me'.

242 2102 331 2133 1075.
381 2111 511 2141 aequom
526 2103 674 2141 postulas
698 2105 780 2140 ‘you

199 2143 283 2174 raise
305 2153 324 2174 a
346 2144 414 2182 just
435 2143 593 2174 demand’
610 2143 647 2173 in
663 2144 780 2183 saying

199 2185 273 2216 that
295 2185 312 2215 1
332 2185 435 2223 ought
455 2188 490 2216 to
510 2185 696 2216 remember
719 2195 780 2217 our

200 2227 283 2265 joint
299 2227 418 2258 arrival
433 2227 471 2258 in
486 2227 554 2258 this
569 2229 668 2258 town.

244 2269 332 2301 1076.
382 2269 452 2300 The
474 2269 581 2300 words
603 2275 639 2300 tu
658 2280 730 2301 erus
747 2281 778 2302 es

202 2320 255 2341 aro
278 2311 453 2342 addressed
476 2314 511 2343 to
539 2311 778 2345 Menaechmus

849 1634 883 1665 of
910 1634 1083 1674 Syracuse,
1114 1633 1182 1664 and
1210 1633 1308 1665 those
1326 1633 1437 1666 which

847 1677 959 1708 follow
981 1679 1016 1708 to
1036 1676 1278 1707 Menaechmus
1301 1677 1336 1707 of
1356 1676 1438 1716 Epi-

847 1719 1000 1751 damnus.
1048 1719 1218 1750 Messenio
1243 1728 1362 1750 means
1389 1719 1437 1750 ‘if

847 1771 913 1801 you
924 1761 1008 1792 wish
1023 1763 1059 1792 to
1074 1761 1160 1792 have
1176 1771 1195 1793 a
1207 1763 1354 1798 servant,
1369 1770 1437 1801 you

847 1806 940 1834 must
960 1806 1015 1843 try
1035 1806 1071 1834 to
1095 1804 1167 1835 find
1188 1813 1334 1835 one—as
1347 1804 1366 1835 I
1380 1813 1436 1835 am

847 1856 892 1877 no
908 1848 1044 1878 servant
1060 1847 1095 1877 of
1109 1847 1237 1886 yours'.

891 1890 983 1922 1077.
1024 1890 1148 1930 fabula
1165 1894 1173 1907 ⁶
1186 1889 1278 1922 talk’.

890 1932 985 1962 1081.
1031 1933 1106 1963 date
1124 1935 1132 1949 ⁶
1145 1931 1271 1971 grant’,
1296 1941 1316 1963 a
1337 1940 1436 1963 sense

846 1973 874 2004 it
904 1974 995 2005 often
1021 1974 1119 2005 bears
1144 1975 1182 2005 in
1206 1984 1342 2014 prayers
1368 1974 1437 2005 and

846 2016 1191 2057 invocations.-spes
1236 2016 1359 2048 should
1393 2016 1436 2048 be

847 2059 1053 2090 understood
1087 2069 1168 2099 very
1198 2059 1436 2099 emphatically

847 2111 884 2131 so
911 2111 948 2132 as
971 2103 1008 2132 to
1029 2111 1132 2133 mean
1151 2101 1228 2133 ‘the
1251 2101 1436 2133 fulfilment

846 2144 881 2174 of
895 2143 954 2174 the
969 2144 1229 2184 hope’.—quam
1247 2145 1428 2184 suspicor:

846 2187 974 2225 qualem
990 2188 1074 2218 hanc
1091 2197 1156 2218 esse
1171 2188 1318 2227 suspicor
1333 2186 1435 2218 ‘such

845 2238 882 2259 as
897 2229 915 2259 I
929 2229 1029 2259 think
1038 2228 1108 2260 this
1121 2229 1188 2260 wffl
1197 2229 1324 2268 prove’.
1354 2228 1435 2260 Brix

845 2280 1018 2310 compares
1044 2271 1131 2303 Rud.
1148 2281 1183 2302 lv
1196 2272 1229 2309 4,
1244 2271 1286 2306 47
1309 2273 1341 2303 si
1363 2273 1434 2311 qui-

846 2314 917 2345 dem
946 2314 1000 2346 hic
1028 2315 1151 2346 lenonis
1181 2315 1267 2347 eiust
1288 2314 1434 2351 vidulus,
