1565 2579
123 171 167 211 V.
189 171 226 212 9.
246 171 444 227 88—94.]
590 181 902 214 MENAECHMEI.
1291 174 1370 214 135

121 275 232 317 MSS.
263 275 335 316 sed
367 276 581 317 meliorest
611 276 716 331 opus
746 275 944 330 auspicio,
967 279 1016 315 ut
1043 275 1150 316 liber
1170 276 1377 330 perpetuo

237 332 352 374 siem.

0 389 107 429 1150
125 388 150 414 ὖ
409 390 434 414 ¹}
691 389 715 413 1·
961 387 986 412 ’Χ-
1238 389 1262 413 *-

0 903 104 943 1155

124 445 211 488 ME.
242 446 300 488 ΙΙ.
331 446 532 501 quoniam
563 446 667 488 haec
699 446 932 487 evenerunt
963 445 1097 497 nobis,
1140 445 1281 496 fraiter,
1325 461 1375 488 ex

237 504 457 552 sententia,

123 561 169 601 in
198 561 382 615 patriam
417 559 640 601 redeamus
671 559 805 602 ambo.
866 559 953 601 ΜΕ.
985 558 1018 601 I.
1050 559 1191 608 frater,
1224 560 1373 601 faciam

237 624 288 658 ut
309 619 360 658 tu
381 617 502 658 voles.
1344 633 1378 659 90

123 674 364 716 auctionem
385 674 453 715 hic
466 674 619 715 faciam
641 680 684 716 et
705 674 887 716 vendam
908 673 1117 729 quidquid
1140 679 1214 715 est.
1264 688 1376 715 nunc

236 732 407 773 interim

123 787 271 830 eamus
292 789 413 838 intro,
429 788 568 829 frater.
628 786 716 830 ΜΕ.
748 788 806 830 Π.
837 788 924 830 fiat.
984 787 1092 829 MES.
1126 787 1251 828 scitin
1273 789 1375 843 quid

237 859 313 900 ego
334 845 407 886 vos
427 847 555 900 rogo?
1041 844 1043 848 ⁴

124 901 209 944 ΜΕ.
242 902 275 943 Ι.
308 902 442 957 quid?
493 902 600 943 MES.
632 903 903 956 praeconium
925 902 984 949 mi
1006 909 1054 944 ut
1077 904 1198 946 detis.
1231 905 1318 946 ME.
1341 905 1374 946 I.

238 959 421 1000 deibitur.
481 960 590 1000 MES.
625 974 721 1014 ergo
743 960 943 1000 nunciam

123 1017 187 1058 vis
207 1016 456 1058 conclamari
475 1016 715 1058 auctionem
729 1016 849 1058 fore?
898 1017 984 1059 ΜΕ.
1017 1017 1050 1061 Ι.
1082 1019 1280 1074 equidem
1306 1019 1376 1061 die

239 1073 419 1128 septimi.

508 1174 600 1206 1150.
634 1173 782 1213 ‘aliquid
818 1183 1019 1213 responsum
1056 1184 1130 1206 esse
1167 1175 1376 1207 Messenioni

125 1226 263 1257 prorsus
279 1216 437 1247 credibile
453 1219 504 1247 est
515 1217 522 1231 '
538 1217 578 1248 R.
625 1217 718 1248 1151.
735 1218 846 1257 frater
860 1222 973 1248 nostra
988 1228 1027 1248 ex
1043 1227 1135 1255 mss„
1156 1219 1268 1258 frater
1282 1220 1376 1250 nobis

125 1270 165 1291 ez
193 1259 416 1298 Camerarius,
448 1260 549 1296 nobis,
575 1261 696 1300 frater,
730 1269 769 1290 ex
798 1259 836 1291 R.
887 1260 980 1290 1152.
1005 1265 1040 1291 tu
1065 1270 1130 1293 om.
1161 1262 1191 1292 B
1221 1262 1291 1299 (not
1317 1261 1376 1292 the

127 1302 225 1334 other
256 1303 363 1342 mss.).
428 1302 521 1333 1155.
552 1311 771 1332 Pau-,comum
799 1311 881 1332 mm
908 1311 951 1333 UT
977 1312 1076 1334 mans
1103 1305 1140 1340 A,
1169 1304 1266 1341 ODF,
1293 1305 1376 1336 mihi

122 1346 338 1386 praeconium
357 1344 479 1375 videtis
494 1345 547 1375 Ba
567 1345 615 1385 (ut
631 1345 713 1375 detis
735 1343 808 1386 Bb),
828 1347 1042 1384 praeconium
1061 1351 1098 1376 ut
1120 1347 1203 1377 mihi
1224 1347 1308 1377 cletis
1332 1348 1373 1386 Z,

127 1387 219 1418 Brix.
249 1388 342 1418 1156.
367 1388 515 1427 equidem
535 1387 655 1426 Bergk,
682 1389 814 1427 quidem
835 1396 931 1427 mss„
954 1397 1016 1427 quo
1039 1389 1092 1419 die
1115 1388 1316 1428 Lambinus,
1333 1389 1372 1421 R.

125 1184 190 1206 esse
227 1174 354 1205 credidi
358 1178 370 1204 t
406 1173 446 1205 R.

127 1486 426 1569 qulsslstsignificat
455 1529 588 1566 praeter
616 1526 715 1558 liber-

125 1574 233 1603 tatem
248 1580 333 1610 opus
349 1579 421 1601 esse
436 1571 607 1609 praeterea
629 1569 714 1601 cibo.

125 1613 265 1654 proinde
281 1622 319 1644 ac
335 1613 365 1644 si
380 1612 488 1643 dicat:
512 1611 651 1643 libertas
664 1614 716 1643 est

318 1488 325 1502 ¹
337 1483 504 1523 Allegoria
555 1485 608 1515 est
657 1493 718 1524 per
784 1484 1133 1516 {motion—nunciam
1158 1485 1293 1525 (always
1317 1486 1376 1517 tri-

786 1527 925 1567 syllabic
935 1527 970 1557 in
986 1527 1144 1565 Plautus3
1161 1538 1216 1559 see
1226 1538 1288 1559 our
1296 1531 1377 1560 note

785 1579 831 1600 on
848 1570 938 1602 Trin.
956 1570 988 1610 3)
1007 1570 1172 1610 ‘directly,
1189 1573 1225 1601 at
1241 1573 1349 1602 once'.

829 1613 923 1644 1156.
954 1614 1104 1652 equidem
1139 1622 1184 1644 sc.
1207 1614 1304 1645 volo:
1338 1614 1377 1645 Ἰ

125 1656 186 1688 illa
207 1655 342 1696 quidem
364 1664 417 1686 res
439 1664 641 1694 magnopere
662 1664 716 1686 ex-

125 1698 272 1739 petenda
297 1700 331 1729 et
350 1697 467 1736 magni
493 1697 715 1734 aestimanda,

126 1740 185 1773 sed
200 1741 267 1772 nisi
289 1742 329 1771 tu
349 1739 506 1771 dominus
521 1739 608 1770 mihi
622 1749 718 1771 servo

126 1793 205 1816 cum
219 1783 374 1814 fibertate
383 1782 509 1821 aliquid
521 1791 600 1821 prae
612 1791 718 1812 manu

126 1826 268 1862 dederis,
294 1824 358 1856 hoc
380 1824 570 1864 auspicium
596 1834 716 1864 parum

126 1869 256 1900 laetum
277 1869 339 1904 est,
356 1866 467 1898 denuo
482 1867 716 1906 redauspican-

126 1911 209 1942 dum
232 1910 310 1942 est’.
350 1909 472 1946 Lunx,
497 1909 571 1940 who
597 1911 716 1949 quotes

126 1953 309 1992 analogous
324 1952 496 1983 instances
512 1952 599 1982 from
618 1952 716 1983 Plau-

125 1996 193 2028 tus'
229 1995 390 2035 Epidicus
426 2003 447 2025 v
483 1995 512 2032 2,
551 1995 604 2032 62,
649 1994 717 2026 and

128 2038 302 2071 Terence’s
318 2036 490 2077 Adelphoe
505 2046 526 2067 v
541 2037 571 2074 9,
589 2038 629 2067 22
643 2047 714 2076 sqq.

169 2081 263 2112 1154.
308 2089 417 2111 eamus
436 2079 558 2110 should
580 2079 620 2111 be
643 2089 716 2119 pro-

125 2122 281 2156 nounced
316 2123 353 2153 in
389 2124 454 2154 two
483 2122 641 2162 syllables
671 2122 717 2163 by

125 2175 197 2206 way
211 2166 247 2197 of
262 2164 437 2206 synizesis.

169 2209 264 2240 1155.
291 2207 460 2239 Messenio
477 2209 628 2247 suggests
640 2207 717 2240 that

125 2251 223 2285 there
251 2250 281 2282 is
314 2252 349 2282 at
379 2259 461 2281 once
494 2254 534 2281 ‘a
563 2250 633 2289 J'ob’
665 2251 717 2282 for

126 2294 221 2332 him;
254 2293 336 2333 they
365 2301 421 2324 are
449 2294 486 2324 to
514 2293 613 2324 make
641 2293 715 2324 him

126 2337 217 2370 their
235 2336 387 2377 ‘praeco'
403 2335 455 2367 for
470 2335 528 2367 the
546 2335 716 2376 projected

785 1655 837 1686 for
851 1664 909 1694 my
918 1658 994 1694 part
1006 1654 1089 1686 wish
1104 1656 1132 1686 it
1148 1658 1183 1686 to
1195 1656 1271 1687 take
1283 1656 1377 1695 place

785 1707 830 1729 on
846 1697 904 1728 the
921 1697 1062 1729 seventh
1082 1697 1147 1738 day
1162 1698 1249 1729 from
1271 1700 1371 1731 now’.

784 1740 896 1770 ——For
924 1739 982 1771 the
1012 1740 1134 1779 phrase
1164 1742 1217 1772 die
1247 1743 1376 1781 septimi

785 1783 833 1820 (iu
845 1782 954 1813 which
969 1784 1099 1822 septimi
1114 1783 1144 1814 is
1161 1793 1205 1814 an
1217 1783 1372 1823 ablathre,

785 1825 852 1856 like
868 1827 1042 1866 qui=quo)
1059 1835 1107 1856 we
1122 1835 1200 1866 may
1222 1836 1376 1866 compare

786 1868 917 1899 Gellius
943 1877 964 1898 x
994 1869 1036 1898 24
1072 1868 1147 1899 who
1185 1878 1262 1908 says
1301 1874 1308 1887 ⁸
1322 1869 1376 1901 die

786 1910 919 1949 quarto'
950 1915 981 1941 et
1013 1910 1083 1942 ‘die
1121 1911 1240 1950 quinto
1251 1911 1259 1926 '
1290 1914 1376 1952 quod

787 1955 906 1984 Graeci
923 1955 964 1985 εἰς
978 1955 1132 1992 τετάρτην
1149 1956 1198 1985 καὶ
1217 1956 1256 1987 εἰς
1273 1956 1374 1993 πέμπ-

784 2009 842 2034 την
857 1997 982 2033 dicunt,
995 1997 1035 2027 ab
1052 1997 1191 2027 eruditis
1203 2007 1286 2028 nunc
1299 2007 1374 2037 quo-

784 2049 842 2079 que
873 2040 941 2070 dici
973 2039 1085 2077 audio,
1121 2044 1151 2070 et
1181 2041 1238 2079 qui
1276 2041 1376 2072 aliter

785 2082 879 2118 dicit,
907 2091 969 2121 pro
998 2083 1073 2113 rudi
1108 2087 1206 2121 atque
1245 2083 1375 2114 indocto

785 2125 975 2164 despicitur.
1025 2125 1090 2155 Sed
1123 2125 1236 2156 Marci
1268 2126 1375 2157 Tullii

784 2171 877 2197 aetas
893 2177 932 2198 ac
947 2177 1048 2207 supra
1064 2177 1135 2197 eam
1150 2177 1224 2204 non,
1248 2169 1374 2207 opinor,

783 2211 835 2240 ita
858 2210 1033 2240 diaeerunt:
1059 2213 1066 2226 ‘
1081 2209 1269 2248 diequinte’
1290 2211 1376 2242 enim

784 2257 816 2283 et
841 2251 1042 2290 ‘diequinti’
1062 2261 1125 2292 pro
1148 2253 1303 2284 adverbio
1325 2263 1375 2285 co-

779 2295 896 2334 pulate
913 2295 1036 2326 dictum
1052 2299 1108 2331 est,
1125 2296 1266 2326 secunda
1284 2297 1323 2328 in
1339 2306 1375 2327 eo

783 2338 914 2378 syllaba
925 2342 1082 2377 correpta.
1111 2337 1164 2369 He
1174 2337 1257 2368 then
1270 2340 1375 2370 states
